2558 4530
478 359 591 409 Lesbio
610 358 770 409 historico.
1120 360 1152 411 33

96 522 259 584 civitatibus
274 541 290 584 a
302 521 476 584 Deucalione
487 521 608 603 eiusque
618 522 756 601 prosapia
769 522 903 596 conditis,
917 542 943 586 v.
956 523 1053 585 Schol.
1067 524 1150 586 Pind.

96 606 141 668 Ol.
157 608 204 682 lX,
220 609 261 670 64
284 599 367 671 ἔνιοι
391 602 428 671 δὲ
450 601 508 669 οὐκ
535 603 568 670 ἐν
589 605 631 691 τῇ
649 599 806 668 ’Onobara'
833 627 918 690 φασι
938 603 1152 671 Δευκαλίωνα

95 687 153 754 καί
174 688 310 795 Πύρραν
332 685 476 755 οίκ”σαι·
500 684 518 754 ὁ
541 689 601 774 γάρ
624 683 937 773 Ἆπολλόάιορος19)
961 688 1044 755 οὕτω
1072 687 1152 776 χρά-

95 794 169 861 φει·
190 780 352 861 ,,οικη”σαι
382 714 419 841 gd
446 772 480 840 ἕν
501 772 598 860 Κάνῳ
621 772 677 839 τὸν
699 769 914 838 Δευκαλίωνα
940 771 1068 859 λέγεται
1095 775 1151 841 καί

92 857 152 946 τήν
172 858 317 948 Πύρραν,
345 858 403 925 καί
424 860 482 947 τήν
503 857 746 964 Πρωτοχένειαν
775 856 845 924 ἐκεῖ
870 856 1064 964 τετράφθαι
1086 884 1153 947 φα-

96 940 182 1009 σίν.“
211 940 336 1030 ἱστορεῖ
357 942 519 1011 δὲταῦτα
539 943 598 1009 καί
623 940 815 1022 Ελλάνικος.
838 983 882 991 ——
904 939 922 1009 ὁ
948 939 1080 1009 δεἙλλ.
1095 942 1153 1010 καί

93 1028 154 1116 τὴν
174 1026 319 1137 λάρνακα
341 1025 379 1095 οὕ
400 1029 447 1118 τῷ
468 1028 658 1136 Παρνασσρλ
672 1051 755 1118 φησι
773 1029 1047 1116 προσενεχθῆναι,
1071 1026 1153 1095 date

93 1112 173 1200 περὶ
193 1139 251 1202 την
272 1110 398 1203 ’Όθρυν
418 1120 479 1202 τῆς
496 1115 690 1193 Θεσσαλιας,
715 1119 891 1198 quibuscum
906 1119 1066 1198 coniungas
1081 1119 1153 1181 baec

92 1222 139 1283 ap.
155 1203 252 1265 Schol.
267 1203 403 1284 Apollon.
419 1205 453 1277 ll,
470 1205 530 1266 705
552 1195 715 1283 ω’νομάσθ
753 1200 951 1286 Παρνασσὸς
973 1196 1043 1266 άπὸ
1058 1205 1153 1288 Παρ-

91 1284 213 1372 νησσοῦ
233 1285 290 1350 τοῦ
304 1283 463 1374 ἐγχωρίου
482 1281 596 1372 ἥρωος,
620 1280 665 1362 ὥς
683 1224 882 1365 Ἑλλάνικος,
897 1290 947 1351 ubi
962 1291 1150 1351 scribendum
1165 1311 1190 1350 ua

40 1444 42 1449 ¹
92 1365 163 1436 άπὸ
176 1375 352 1458 Παρνησοῦ
371 1395 430 1436 του
445 1368 522 1454 App,
545 1373 653 1454 apertis
668 1373 783 1434 lonicae
798 1375 909 1435 dialecti
924 1376 1061 1453 vestigiis,
1078 1394 1152 1454 quae

91 1458 194 1519 multis
209 1459 281 1519 locis
298 1460 556 1538 deprehenduntur
565 1458 625 1536 ²15).
651 1458 862 1537 Argumentum
875 1478 966 1537 porro
979 1459 1102 1521 ducebat
1116 1461 1151 1521 ad

93 1543 274 1604 Thessaliam
298 1543 334 1604 ah
353 1543 528 1604 Deucalione
548 1543 667 1622 eiusque
692 1542 758 1603 filiis
780 1552 950 1623 occupatam
971 1552 1000 1604 et
1020 1544 1151 1617 divisam,

93 1647 152 1706 quo
167 1627 236 1689 facit
250 1629 390 1708 llarpoor.
407 1648 432 1689 v.
447 1620 631 1713 τετραρχία,
647 1627 699 1689 ubi
715 1627 818 1689 citatur
835 1622 918 1690 Ἑλλ.
934 1623 968 1690 ἐν
981 1629 1053 1703 τοῖς
1071 1628 1151 1691 Θετ-

92 1709 248 1790 ταλικοῖς,
266 1732 354 1793 quam
369 1721 483 1794 partem
495 1713 703 1775 Deucalioneae
718 1714 810 1774 fuisse
825 1722 902 1776 recte
913 1721 997 1795 putat
1007 1715 1149 1779 Sturzius.

90 1796 232 1879 Deinceps
248 1799 370 1861 Aeolum
389 1806 474 1878 atque
495 1799 679 1861 Aeolidarum
699 1799 870 1903 progeniem
891 1808 1062 1880 persecutus
1084 1819 1151 1862 esse

89 1883 212 1959 videtur,
228 1903 253 1946 v.
270 1886 375 1946 Athen.
391 1885 426 1958 X,
443 1904 472 1965 p.
486 1885 548 1946 416
563 1877 682 1946 ΑἙλλ.
699 1905 732 1946 εν
748 1878 871 1969 πρώτῳ
886 1877 1152 1961 Δευκαλιωνείας

102 2006 288 2016 ...ω-...-

159 2052 198 2116 19)
212 2051 268 2103 Nou
281 2054 306 2102 in
318 2053 477 2118 bibliotheca,
494 2054 542 2104 nisi
554 2054 624 2103 dicas
642 2052 817 2104 bibliothecam
830 2069 894 2103 nuuc
910 2051 989 2103 forma
1002 2069 1089 2118 parum
1107 2070 1151 2117 gc-

89 2120 164 2171 nuina
176 2121 271 2184 baberi,
285 2122 349 2187 quod
363 2124 453 2173 statuit
465 2121 495 2173 G.
510 2122 665 2171 llermannus
678 2121 726 2188 Ep.
738 2123 770 2171 ad
782 2121 860 2184 llgen.
872 2122 978 2188 llymnis
991 2122 1062 2172 llom.
1075 2137 1150 2187 prae·

88 2189 165 2238 missa
178 2205 201 2254 p.
214 2188 294 2240 XLV.
323 2189 519 2256 „Apollodorum
540 2191 637 2256 quidem
654 2189 759 2253 singulis
776 2191 871 2255 paginis
893 2190 1070 2256 interpolatum
1092 2205 1149 2240 esse

88 2263 197 2306 constat.
219 2256 302 2322 Atque
315 2260 412 2308 omnino
425 2257 571 2324 Apollodori
583 2258 661 2307 libros
680 2257 808 2307 codicibus
824 2257 918 2308 Italicis
935 2259 970 2308 ita
986 2259 1095 2324 scriptos
1112 2259 1151 2307 in·

89 2324 173 2374 veniri
184 2327 337 2392 accepimus,
351 2333 390 2392 ut,
404 2327 425 2376 si
437 2343 492 2376 cum
505 2327 655 2377 editionibus
668 2326 710 2376 isti
724 2326 823 2375 codices
836 2333 1024 2391 comparentur,
1042 2327 1149 2391 scripto·

90 2406 145 2440 rem
156 2392 220 2441 huuc
231 2395 276 2441 vix
288 2395 327 2442 sul
340 2395 445 2443 similem
456 2394 565 2442 habituri
577 2393 683 2442 simus.“
707 2392 856 2458 Quamquam
870 2409 931 2459 quae
944 2395 968 2442 in
980 2394 1086 2443 Scholiis
1099 2395 1150 2445 llo·

91 2459 154 2508 meri
167 2473 200 2507 ex
211 2459 364 2524 Apollodoro
377 2461 524 2522 afferuntur,
542 2461 626 2509 solent
637 2475 692 2509 cunr
704 2460 862 2522 bibliotheca,
873 2469 902 2511 ut
914 2477 978 2510 nuuc
991 2468 1037 2527 est,
1049 2464 1148 2527 conspi-

91 2541 164 2587 rare,
182 2523 214 2575 cf.
228 2526 312 2576 Schol.
324 2525 352 2577 ll.
367 2546 392 2592 α,
408 2527 455 2576 195
472 2543 494 2576 c.
509 2526 626 2591 Apollod.
637 2525 655 2591 l,
669 2526 693 2588 3,
706 2525 736 2586 63
758 2527 841 2576 Schol.
857 2527 886 2575 ll.
905 2544 930 2590 α,
950 2528 997 2576 168
1015 2536 1042 2577 et
1059 2529 1106 2577 301
1127 2546 1148 2578 c.

89 2594 139 2660 Ap.
152 2593 169 2658 l,
184 2594 207 2652 t,
224 2593 254 2655 23
274 2595 358 2645 Schol.
371 2594 401 2645 ll.
413 2599 438 2660 β,
452 2594 502 2644 494
515 2611 537 2645 c.
549 2594 596 2660 Ap.
609 2592 649 2654 lll,
662 2593 678 2642 4
690 2593 769 2645 initio.
799 2593 835 2643 De
847 2594 1000 2659 Apollodoro
1014 2597 1148 2660 epitomato

89 2662 212 2726 cogitavit
224 2662 355 2713 bertelius
367 2665 398 2713 ad
410 2664 497 2729 Steph.
511 2663 537 2713 B.
549 2679 573 2728 p.
584 2662 617 2711 50
629 2661 644 2710 b
657 2669 683 2711 et
692 2660 853 2727 walcherus,
867 2677 939 2730 quem
949 2664 1005 2713 vide
1019 2664 1049 2713 de
1059 2664 1148 2714 biblio·

88 2732 162 2782 theca
175 2731 319 2781 doctissime
332 2732 499 2798 disputantem
511 2732 535 2780 in
548 2730 619 2798 Cycl.
634 2745 672 2795 ep.
686 2746 710 2795 p.
721 2729 762 2781 88.
771 2745 825 2796 sqq.

158 2799 199 2860 20)
218 2797 255 2849 Cf.
269 2800 354 2850 Sturz.
364 2816 388 2866 p.
401 2799 432 2848 23
444 2815 481 2865 sq.
506 2798 650 2864 Quicunque
667 2805 726 2849 tunc
738 2799 838 2849 litteras
850 2799 1021 2865 attingebant,
1036 2800 1147 2867 philoso-

88 2867 130 2933 phi
142 2867 213 2917 iuxta
224 2875 299 2933 atquc
311 2868 434 2933 historici,
447 2867 552 2917 lonicum
565 2867 700 2917 dialectum
709 2867 867 2931 adhibebant,
880 2868 935 2919 sivo
951 2870 1035 2935 opicae
1046 2870 1147 2935 propio-

88 2950 150 2997 rem,
163 2936 217 2985 sivc
228 2937 314 2986 variae
326 2937 365 2986 illi
377 2944 451 3003 atquc
464 2936 586 3000 figuratae
598 2935 728 2998 Herodoti,
740 2936 794 2985 sive
807 2936 908 2986 Atticae
925 2938 1067 3002 antiquiori.
1097 2937 1147 2986 Sed

88 3004 130 3070 qui
142 3003 173 3053 ab
186 3003 288 3054 Sturzio
301 3004 411 3055 citantur
423 3004 480 3068 loci,
493 3020 579 3055 eorum
591 3019 650 3069 pars
663 3002 795 3054 referenda
808 3004 839 3053 ad
851 3004 1006 3055 Hellanicum
1020 3005 1150 3054 Gramma·

88 3072 173 3136 ticum,
185 3071 351 3136 Homericum,
364 3075 405 3139 qui
418 3080 474 3122 erat
487 3088 519 3124 ex
532 3072 733 3136 Cborizoutibus‚
745 3072 888 3122 Aristarchi
899 3074 1038 3138 aequalem,
1055 3074 1085 3122 de
1099 3088 1146 3137 quo

88 3139 154 3190 dixit
166 3139 307 3191 Grauertus
319 3141 344 3190 in
357 3141 423 3192 Mus.
436 3141 516 3191 liberi.
527 3140 546 3203 1,
561 3139 576 3189 3
589 3157 612 3206 p.
622 3139 673 3190 204
685 3157 746 3206 sqq,
760 3141 830 3190 cuius
842 3140 905 3190 locis
918 3143 981 3190 adde
995 3156 1057 3206 quae
1068 3155 1148 3205 nuper

88 3208 156 3258 edita
169 3208 265 3258 suntin
278 3209 362 3260 Schol.
373 3210 460 3275 Eurip.
471 3209 528 3261 Vat.
541 3208 651 3260 Troadd.
660 3225 685 3259 v.
696 3207 744 3258 822
758 3209 795 3274 τῷ
808 3203 858 3274 τὴν
865 3205 971 3278 μικράν
980 3204 1086 3258 Ἰλιάδα
1096 3222 1147 3258 πε-

88 3271 227 3339 ποιηκότι,
241 3269 274 3328 ὃν
286 3276 315 3327 οἱ
324 3275 378 3346 μὲν
393 3276 566 3348 Θεστορίδην
579 3276 709 3328 Φωκαιέα
724 3277 770 3338 (sic
780 3276 855 3326 scrib.
867 3293 912 3342 pro
924 3277 1034 3339 Φωκέα)
1048 3279 1146 3343 φασίν,

90 3344 119 3393 oi
131 3341 163 3394 δὲ
174 3347 341 3397 Κιναίθωνα
350 3340 592 3415 Λακεδαιμόνιον,
604 3342 642 3402 ’ὡς
651 3340 817 3406 Ἑλλάνικος,
832 3345 861 3393 οἱ
872 3342 904 3395 δὲ
914 3340 1064 3411 Διόιίιορον
1072 3338 1148 3408 Ἐρυ-

89 3413 201 3480 θραῖον,
214 3427 240 3463 r.
249 3412 372 3464 Welcker
381 3416 411 3465 de
424 3431 437 3464 c
457 3414 496 3465 clo
509 3429 548 3479 ep.
560 3430 584 3478 p.
598 3413 657 3463 251.
681 3413 719 3463 Ad
733 3412 855 3462 Hellanici
868 3412 1001 3462 dialectum
1011 3411 1076 3476 quod
1088 3411 1147 3459 atti·

89 3486 134 3529 net
142 3478 319 3532 Lex.Bekkeri
327 3482 421 3532 Anecd.
452 3498 472 3533 r.
482 3480 502 3544 l,
512 3497 536 3547 p.
546 3480 594 3530 351
606 3497 661 3530 eum
670 3488 744 3544 atque
755 3480 909 3545 Sophronam
919 3476 1031 3547 άθήραν
1040 3493 1147 3527 vocasse

89 3547 167 3597 tradit
179 3549 242 3614 quod
255 3550 347 3599 Atticis
364 3545 458 3618 άθάρη
477 3548 663 3610 nominabatur,
680 3541 776 3616 άθάρα
792 3547 904 3610 Doricis,
920 3549 985 3598 unde
1004 3546 1064 3596 nibil
1083 3547 1147 3596 certi

88 3616 203 3666 concludi
215 3624 309 3683 potest.
335 3617 472 3668 Praeterea
489 3616 572 3666 Schol.
584 3615 676 3666 Venet.
689 3613 817 3678 Aristopb.
833 3613 892 3664 Pac.
905 3631 930 3668 v.
943 3616 975 3664 to
993 3615 1017 3663 iu
1035 3614 1147 3679 explica·

87 3684 156 3734 tione
169 3686 238 3737 vocis
255 3680 433 3756 άνερῤιχᾶτυ,
451 3700 499 3750 qua
515 3684 595 3733 utitur
611 3682 805 3747 Aristophanes:
824 3677 989 3740 Ἑλλάνικος·
1010 3676 1146 3753 „droppe-

108 3753 193 3805 ῶνται
206 3751 238 3804 δὲ
250 3746 346 3823 ὥσπερ
361 3753 389 3802 ol
401 3755 521 3816 πίθηκοι
533 3745 575 3801 ἐπ’
590 3744 661 3819 άκρα
673 3747 706 3800 τὰ
721 3747 853 3820 άένάρα,“
871 3751 900 3799 de
920 3767 967 3816 quo
982 3751 1102 3800 vocabulo
1121 3765 1146 3800 v.

83 3769 255 3888 Dhryniohum
268 3821 376 3871 Bekkeri
387 3837 411 3886 p.
425 3820 463 3884 19,
476 3820 508 3868 25
521 3825 548 3868 et
560 3818 675 3870 Pierson.
693 3818 773 3868 Moer.
786 3834 808 3883 p.
823 3817 864 3866 64.
888 3818 951 3869 Erat
960 3821 1006 3868 hoc
1018 3835 1050 3868 ex
1065 3820 1146 3867 rario-

88 3889 159 3939 ribus
179 3890 231 3940 illis
251 3889 394 3954 vocabulis,
414 3903 517 3953 quorum
537 3888 611 3938 etiam
632 3889 656 3937 iu
677 3886 824 3950 fragmentis
842 3888 959 3936 nonnulla
976 3888 1145 3952 reperiuntur.

89 3956 185 4024 [Stepb.
198 3958 259 4024 Byz.
273 3973 298 4009 v.
310 3953 509 4025 Ὑπερβόρεοι.
520 3992 526 4006 .
537 3950 711 4011 ,Ἑλλάνικος
728 3953 760 4006 δὲ
770 3949 963 4024 Ὑπερβόρειοι
973 3950 1080 4023 γράφει
1095 3947 1142 4002 διά

90 4020 266 4094 διφθόχχου,
278 4026 309 4076 de
321 4042 369 4092 quo
382 4027 438 4077 loco
451 4022 483 4076 cf.
496 4023 613 4076 llleiueke
625 4023 698 4088 frgm.
712 4040 773 4075 com.
786 4030 837 4074 ant.
848 4040 872 4089 p.
885 4022 935 4085 dh]

116 4103 239 4156 Preller,
253 4117 344 4171 ausgew.
356 4103 465 4150 Aulsttae.
931 4106 945 4151 3
