2558 4530
444 363 566 419 Lesbio
584 363 762 419 historico.
1115 367 1150 420 53

90 519 230 598 Neptuni,
254 520 336 581 cuius
359 538 442 582 sacra
464 540 481 582 a
496 522 665 584 Troezeniis
680 523 716 583 ad
731 522 1011 595 Halicamassenses,
1027 525 1151 585 colonos

88 691 275 768 temporibus
295 690 416 752 nomina
437 691 542 753 additis
564 692 747 770 singulorum
769 694 1001 754 sacerdotiorum
1020 693 1150 754 numeris

90 776 314 848 continuentur3
336 794 394 854 quo
415 775 445 836 in
467 795 593 839 recensu
613 784 745 855 apertum
767 784 813 837 est
833 777 966 839 fabulose
987 779 1151 857 primorum

89 860 276 922 sacerdotum
286 861 406 922 nomina
415 880 429 920 a
439 862 653 941 posterioribus
661 863 726 922 ficta
735 881 811 934 esse,
825 882 859 922 eo
870 862 1001 923 videlicet
1011 871 1152 941 tempore,

89 944 140 1006 mi
155 945 303 1006 scribendi
325 953 385 1006 arte
404 945 462 1006 iam
484 947 628 1025 divulgata
648 966 714 1008 cum
730 947 875 1007 desiderio
892 947 1037 1026 originum
1055 947 1153 1008 cuius-

90 1049 149 1108 que
168 1031 210 1091 rei
232 1030 456 1109 repetendarum
478 1033 609 1093 studium
630 1032 698 1093 illud
720 1033 937 1111 genealogicum
963 1041 1061 1092 ortum
1081 1039 1153 1101 erat,

90 1134 150 1193 quo
164 1115 364 1194 antiquissima
381 1115 559 1178 Graecorum
581 1117 703 1178 historia
725 1117 822 1177 omnis
842 1118 972 1178 involuta
988 1124 1041 1177 est.
1074 1117 1153 1176 Tali-

88 1198 145 1259 bus
161 1219 228 1261 vero
244 1200 413 1261 recensibus
429 1210 544 1263 mature
559 1203 645 1263 etiam
657 1203 823 1262 notationes
836 1205 977 1280 quasdam
989 1220 1088 1263 rerum
1101 1219 1154 1279 per

88 1285 202 1361 singula
217 1285 379 1346 sacerdotia
394 1287 438 1346 rel
449 1306 538 1365 regna
549 1287 783 1347 memorabilium
796 1288 907 1349 additas
919 1287 1012 1348 fuisse
1024 1303 1153 1348 consen·

87 1378 206 1429 taneum
222 1376 275 1440 est,
293 1389 387 1447 eoque
402 1372 492 1430 modo
509 1373 567 1432 iam
584 1373 702 1432 annales
715 1372 831 1449 quidam
853 1371 917 1432 libri
941 1372 1048 1432 conditi
1072 1379 1152 1439 sunt,

88 1454 189 1531 quales
204 1455 315 1514 Romae
330 1474 346 1513 a
363 1455 505 1515 Pontifice
520 1456 645 1516 blaximo
662 1457 819 1533 quotannis
835 1457 864 1515 in
877 1456 943 1515 albo
960 1456 1086 1533 proponi
1099 1475 1154 1514 so-

88 1536 199 1597 lebant.
229 1537 281 1596 His
302 1545 398 1598 autem
421 1540 611 1601 conficiendis
632 1541 772 1618 quoniam
795 1541 961 1600 sacerdotes
983 1541 1154 1618 plerumque

90 1621 229 1700 praefecti
245 1630 336 1694 erant,
354 1641 539 1703 consequens
555 1634 617 1685 erat
631 1632 663 1685 ut
678 1644 752 1703 quae
773 1625 873 1703 templi
895 1625 1016 1687 alicuius
1037 1643 1153 1685 memo-

89 1707 164 1766 riam
192 1705 361 1785 fabulasque
384 1727 481 1768 sacras
498 1718 664 1789 spectarent
685 1710 809 1770 maxime
829 1711 1051 1782 adnotareutur‚
1079 1728 1152 1788 quas

89 1790 210 1851 notitias
227 1790 361 1851 similiter
376 1801 461 1871 atque
477 1796 599 1855 nomina
616 1795 799 1855 sacerdotum
814 1795 859 1856 vel
878 1815 980 1873 regum
1002 1796 1087 1856 ctiam
1107 1795 1152 1855 fa-

87 1875 201 1936 bulosis
221 1876 406 1954 temporibus
428 1880 764 1957 accommodabantsstt:
790 1899 863 1960 quae
883 1881 989 1941 fabrica
1010 1887 1152 1959 quantum
1169 1894 1196 1934 nr

87 1961 190 2021 lecerit
208 1960 243 2022 ad
263 1961 374 2022 fabulas
395 1966 615 2042 procudendas,
643 1965 828 2043 genealogias
849 1965 1079 2034 concinnandas,
1101 1966 1153 2023 sed

88 2045 231 2105 historiae
248 2047 334 2106 etiam
357 2049 497 2127 quaedam
514 2051 627 2110 semina
643 2050 820 2129 spargenda,
841 2050 912 2109 satis
933 2049 962 2108 in
983 2049 1153 2109 universum

89 2131 254 2274 {lslimfflfi
286 2131 434 2194 declarant
463 2135 681 2214 antiquissimae
708 2135 884 2195 Graecarum
916 2134 1063 2194 civitatum
1093 2141 1153 2193 tra-

109 2223 226 2275 itiones.

160 2419 203 2479 ult
216 2420 248 2470 V.
261 2420 291 2469 de
304 2418 397 2468 talibus
410 2419 556 2467 recentibus
570 2416 764 2486 (ἀναγραφαῖς)
778 2419 807 2468 0.
817 2420 926 2469 Mueller
935 2421 958 2468 in
972 2420 1029 2469 Dor.
1040 2419 1059 2481 l,
1070 2437 1093 2484 n.
1106 2420 1154 2469 130

92 2486 156 2536 etin
169 2486 260 2536 Notitt.
280 2486 401 2535 Litterar.
421 2485 534 2547 Gotting.
552 2500 576 2533 a.
591 2484 665 2547 leot,
684 2501 705 2549 p.
718 2486 776 2546 893,
794 2487 834 2534 ubi
853 2488 916 2535 citat
929 2487 1068 2535 Clintoncm
1083 2487 1154 2536 Fast.

92 2553 158 2603 Hell.
173 2554 229 2603 Vol.
242 2552 252 2601 l
273 2555 360 2618 (ipsum
374 2569 421 2601 non
436 2553 504 2617 potui
518 2553 682 2611 consultare),
700 2567 772 2616 quem
785 2554 883 2602 nimium
897 2554 947 2602 illis
961 2555 1072 2602 tribuere
1085 2555 1154 2617 dicit,

92 2622 157 2688 qnod
172 2637 293 2670 recensus
306 2636 392 2683 regum
407 2620 587 2684 Spartanorum
601 2622 687 2668 credat
701 2635 730 2667 eo
744 2620 798 2684 ipso
812 2628 931 2685 tempore,
944 2621 986 2669 ubi
1000 2621 1154 2685 Peloponne-

90 2705 135 2739 sus
147 2705 162 2739 a
175 2689 341 2739 Doriensibus
355 2695 475 2753 occupata
488 2689 529 2750 sil,
542 2689 657 2736 conditos
676 2702 746 2747 esse,
763 2689 903 2751 eutnlogum
915 2705 977 2739 vern
990 2689 1154 2739 Sacerdotntn

89 2757 192 2807 lunonis
210 2773 289 2822 aeque
303 2764 430 2806 vetustum
447 2764 521 2821 atque
538 2756 629 2805 bellum
643 2755 792 2820 Troianum,
809 2754 918 2806 fortusse
935 2758 1010 2807 etium
1028 2760 1155 2807 vetustio-

92 2841 144 2874 rem
157 2823 237 2875 luisse
250 2826 400 2889 suspicetur.
422 2823 478 2890 lpse
491 2825 582 2873 deinde
595 2825 632 2873 sic
644 2826 738 2888 pergit:
756 2825 791 2873 Es
804 2827 838 2874 ist
849 2826 946 2887 gewils,
960 2826 1014 2876 dass
1026 2827 1094 2875 diese
1106 2825 1153 2877 Ur-

92 2895 192 2943 kunden
203 2892 449 2955 vcrhiiltnilsm'dlsig
462 2893 521 2941 sehr
533 2894 569 2942 nlt
582 2908 676 2953 waren,
693 2894 723 2940 du
736 2893 773 2940 sie
786 2893 832 2942 den
846 2893 995 2957 kundigstcn
1009 2894 1153 2944 Forsehern

91 2961 251 3024 (Hellanicus,
263 2961 454 3016 Eratosthenes)
468 2961 590 3024 verhiirgt
599 2977 681 3023 genug
691 2961 815 3020 schienen,
825 2978 865 3011 nm
876 2964 921 3011 der
930 2963 1153 3022 chronologischen

92 3030 254 3091 berecbnuug
271 3044 365 3091 ganzer
382 3029 527 3078 Zeilr'aume
544 3046 575 3078 zu
593 3028 694 3078 Grunde
712 3028 798 3092 gelegt
815 3046 846 3079 zn
867 3031 976 3079 werden.
1009 3031 1154 3079 Desscnun-

91 3099 208 3160 geachtet
225 3098 279 3146 sind
297 3098 344 3145 wir
360 3098 425 3145 wohl
442 3099 573 3160 gendtbigt
589 3099 772 3157 nnzunehmen,
790 3097 844 3147 dass
864 3098 888 3146 in
906 3100 951 3148 der
963 3098 1033 3159 Zeit,
1055 3114 1093 3146 wo
1114 3098 1153 3146 dic

92 3163 187 3215 Schrift
199 3165 238 3214 hei
251 3166 298 3214 den
313 3163 436 3214 Griecben
450 3167 502 3214 sich
521 3167 677 3214 bestimmter
695 3166 850 3214 naehweisen
870 3167 947 3226 idest,
967 3168 989 3214 d.
1003 3167 1026 3215 h.
1045 3167 1076 3215 im
1094 3165 1154 3214 Βίου

92 3234 154 3282 oder
167 3235 300 3282 hbchstcus
313 3233 371 3282 9tcn
384 3234 468 3282 dahrh.
482 3249 506 3282 v.
521 3233 588 3295 cue,
604 3236 649 3283 der
663 3233 905 3295 Laudesgcscbiohte
923 3235 1031 3296 bnndige
1049 3234 1154 3297 Sparta-

93 3316 139 3349 ncr
151 3303 212 3349 nach
225 3303 271 3350 den
285 3301 475 3364 Erinncrungen
487 3302 649 3351 derliltesten
662 3301 740 3350 Lente
750 3304 797 3349 und
810 3300 905 3349 auidas
916 3303 1058 3349 Altertbum
1072 3301 1154 3348 stolae

94 3367 207 3417 Pricster
220 3385 266 3417 von
280 3370 363 3430 Argos
377 3371 437 3416 nach
450 3368 549 3417 allerlei
563 3370 659 3434 Spureu
674 3371 721 3416 und
736 3368 940 3429 Verntuthungcn
955 3369 1024 3416 diese
1038 3367 1155 3427 Register

95 3444 337 3499 zusammengeselzt
353 3437 440 3484 haben.
456 3463 490 3472 —
509 3437 604 3486 Wdren
627 3436 688 3483 aber
704 3435 753 3482 alle
770 3437 839 3483 diese
856 3435 1050 3482 Verzeichnisse
1069 3435 1092 3480 in
1110 3435 1155 3483 der

95 3502 161 3565 Zeit,
175 3504 212 3553 bis
225 3522 256 3553 zu
269 3507 314 3553 der
326 3505 363 3552 sie
378 3503 551 3565 binaulgehen,
563 3505 624 3551 oder
633 3503 695 3550 auch
707 3517 754 3548 nur
764 3517 803 3548 um
814 3503 853 3548 die
864 3500 920 3548 Zeit
934 3503 979 3548 der
989 3500 1154 3550 lleruhliden-

93 3573 248 3634 wanderung
268 3571 531 3631 niedergeschrieben‚
550 3586 577 3617 so
596 3568 688 3616 miilste
710 3570 784 3615 sehon
803 3568 897 3615 dumals
915 3568 970 3615 cine
989 3567 1092 3631 Uebuug
1110 3571 1155 3619 der

95 3639 293 3689 Sebreinelunst
314 3640 363 3687 und
381 3638 493 3700 augleich
515 3638 554 3685 ein
579 3634 649 3683 Eiler
672 3632 712 3684 l'tir
735 3631 937 3696 nullewntrung
961 3636 1154 3698 denliwiirdiger

94 3704 173 3757 Facta
187 3705 374 3770 statlgel'unden
389 3707 475 3766 haben,
490 3706 528 3753 die
541 3705 593 3752 sich
606 3703 650 3751 mit
662 3704 706 3752 der
720 3700 873 3764 Diirltiglreit
885 3704 933 3750 und
946 3702 1155 3768 Unzuverliissig-

94 3777 147 3825 leit
160 3779 206 3825 der
218 3777 389 3838 griechischen
403 3772 552 3822 Gescbichte
570 3773 593 3820 in
612 3773 696 3820 diesen
715 3772 915 3820 labrhnndcrten
936 3772 1002 3820 nicht
1019 3781 1154 3836 vertrngen

93 3845 157 3893 will.
189 3845 234 3892 Die
254 3843 408 3905 griechiscbe
427 3840 576 3890 Geselricbtc
597 3841 692 3890 miisste
714 3842 777 3888 daun
800 3839 935 3901 lriibzeilig
951 3842 998 3888 den
1017 3841 1155 3891 Character

94 3913 287 3974 gleichzeitigen
302 3909 446 3960 Annulistilr
460 3910 560 3972 zeigcn,
578 3916 644 3958 elwa
657 3910 704 3958 wie
722 3909 762 3958 dic
776 3909 898 3958 rdmiscbo
911 3925 960 3959 von
978 3910 1023 3958 dor
1035 3909 1093 3960 Zeit
1109 3913 1155 3959 der

94 3979 270 4046 Republikun.
