2558 4530
447 333 489 384 lle
507 332 660 399 Aeschyli
677 333 794 385 Persis.
1115 334 1146 384 ld

89 499 177 562 edam
192 499 291 564 Persis
306 500 375 564 Asia
389 499 457 564 data
470 506 541 562 erat.
567 498 681 574 Quibus
692 499 849 564 laetissima
863 500 945 564 adis
956 516 1055 564 rerum
1064 499 1147 562 domi

89 592 120 648 et
136 583 210 648 foris
232 587 426 667 gerendarum
452 586 628 648 incrementa
656 605 807 661 concessa,
833 587 972 666 quamdiu
990 577 1146 672 εὔφρονες

88 672 180 744 futuri
195 671 367 752 essent⁶⁰l,
390 691 479 753 seque
493 672 569 734 iuter
582 672 691 745 fatales,
712 673 763 752 qui
776 673 851 752 ipsis
867 672 956 751 positi
975 680 1066 746 erant,
1085 680 1145 736 ter-
1159 691 1186 732 es

89 757 188 819 minos
204 760 399 822 continerent.
429 758 534 821 Verum
551 757 671 838 jamjam
693 758 783 819 nimis
804 775 929 837 magnus
944 758 1064 820 evadere
1078 776 1146 820 coe-

88 842 133 922 pit
148 835 167 904 ὁ
190 834 312 925 diduci
322 847 349 922 1)
362 843 526 918 Persarum,
541 842 615 906 adeo
629 861 754 922 magnus
770 850 804 904 ut
812 843 976 923 primitivae
987 842 1027 905 illi
1039 862 1148 923 aequa·

88 928 162 990 litati
177 930 339 993 cavendum
353 936 439 992 esset
468 929 711 1008 Expergeiactum
727 936 774 990 est
787 929 875 1008 igitur
889 924 928 992 cd
945 927 1042 991 θεῖον
1056 929 1148 1014 φθο-

89 1007 191 1098 νερόν,
213 1015 267 1090 illa,
283 1034 357 1096 quae
372 1015 486 1087 dicitur,
507 1015 632 1077 deorum
655 1014 770 1088 invidia,
791 1033 866 1094 quae
885 1014 1050 1095 generalem
1069 1014 1147 1076 illam

88 1100 151 1178 lege
176 1099 271 1162 divina
297 1101 438 1164 sancitam
459 1101 659 1180 aequalitatem
674 1100 758 1163 anxie
777 1107 883 1177 tuetur,
903 1100 968 1180 ipsa
987 1100 1148 1162 necessitas

88 1183 184 1249 divina
200 1186 321 1249 sollicita
336 1193 364 1248 et
378 1186 523 1248 invidiosa
542 1193 664 1266 propter
683 1205 746 1260 ece,
768 1186 817 1266 qui
836 1186 931 1266 ipsam
951 1187 1099 1258 excedere,
1121 1192 1149 1246 et

88 1287 179 1350 supra
193 1271 288 1352 ipsam
304 1271 456 1353 superbire
472 1264 590 1356 (ὕβρις)
605 1273 702 1345 velint,
718 1279 747 1332 et
760 1272 799 1333 ita
813 1290 883 1352 prae
897 1271 953 1333 illis
965 1272 1020 1333 sibi
1032 1289 1147 1344 cavens,

87 1362 122 1418 ut
135 1355 175 1417 illi
189 1357 359 1437 perdantur,
373 1358 438 1438 ipsa
453 1364 653 1419 conservetur.
678 1357 771 1434 Igitur
783 1376 800 1418 e
810 1357 958 1419 benevolis
973 1375 1053 1419 nunc
1066 1357 1148 1419 lalla-

89 1460 138 1503 oes
163 1441 231 1504 facti
252 1450 322 1504 sunt
342 1443 390 1504 dii.
420 1442 544 1522 Jamjam
568 1441 798 1503 benevolentiam
819 1440 918 1503 Persis
942 1442 1149 1517 simulanti),

88 1526 213 1588 blandiri
238 1528 284 1600 iis,
310 1546 421 1607 eosque
447 1527 484 1588 ad
509 1533 635 1588 extrema
655 1545 785 1607 quaeque
805 1526 940 1588 fortunae
958 1526 1085 1606 pericula
1103 1525 1118 1586 f
1133 1560 1148 1571 ·

92 1610 194 1672 cienda
211 1612 402 1685 incitareissi.
438 1612 574 1674 Sentiunt
593 1613 650 1672 hoc
670 1630 756 1674 senes
777 1612 886 1674 chorici
905 1619 934 1673 et
953 1615 1070 1686 Atussa,
1097 1610 1149 1673 sed
1161 1636 1188 1676 so

91 1714 169 1769 sero,
186 1696 235 1758 ubi
249 1698 358 1758 Xerxes
370 1697 429 1776 jam
445 1716 566 1776 peregre
581 1697 675 1758 estad
691 1698 730 1771 id,
746 1698 824 1777 quod
839 1698 921 1759 nefas
933 1706 995 1760 erat
1008 1699 1080 1771 fieri,
1095 1717 1149 1758 ex-

89 1783 271 1861 sequendum
288 1781 471 1844 miserabilis.
502 1783 646 1862 Suspensi
660 1781 776 1844 interim
792 1791 862 1845 sunt
872 1802 984 1858 eorum,
1000 1784 1049 1863 qui
1065 1782 1149 1844 Susis

88 1885 153 1927 rem
166 1875 264 1947 agunt,
281 1867 378 1942 animi,
397 1873 426 1928 et
441 1867 551 1929 incitati
563 1867 642 1930 abiis
654 1886 807 1930 sermones
819 1871 1066 1948 spargunturssil.
1089 1868 1149 1929 Ex·

88 1959 213 2014 uemam
230 1953 375 2032 quandam
391 1953 563 2014 auxietatem
580 1960 667 2033 atque
682 1953 908 2039 sollicitudinem
922 1972 993 2033 prae
1008 1954 1151 2014 scierunt

90 2056 278 2118 quaecunque
297 2046 326 2100 et
345 2039 483 2101 dicuntur
497 2045 526 2099 et
545 2045 679 2118 aguntur.
716 2038 827 2101 Crescit
845 2045 953 2112 metus,
974 2038 1023 2099 ubi
1043 2038 1149 2098 Atossa

89 2124 200 2185 introit.
230 2124 354 2204 lamjam
370 2123 611 2199 manifestatum,
626 2132 656 2186 et
669 2131 809 2204 tanquam
829 2125 861 2186 in
876 2125 975 2204 aprico
990 2123 1061 2202 poni
1077 2142 1150 2202 quae

89 2208 207 2270 instant.
237 2209 290 2271 Vix
305 2209 456 2271 somnium
477 2209 546 2272 illud
567 2218 597 2271 et
615 2216 794 2290 portentum,
817 2209 897 2290 quod
915 2209 1039 2270 Atossae
1059 2207 1149 2268 modo

90 2294 243 2368 acciderat,
258 2301 425 2356 enarratum
441 2302 495 2365 est,
510 2296 695 2357 annuntium
704 2294 786 2357 mali!
801 2329 844 2340 —
859 2287 904 2367 ὡς
915 2287 949 2356 ἐν
963 2285 1025 2378 μία
1040 2289 1150 2377 πληγῇ

91 2374 326 2482 κατέφθαρται
353 2374 456 2452 πολὺς
480 2370 595 2458 ὄλβος,
627 2375 666 2441 τὸ
695 2376 831 2463 Περσῶν
861 2370 995 2452 δ’ὃίνθος
1022 2371 1150 2455 οἴχεται

92 2480 207 2524 πεσον.
223 2498 264 2508 -
278 2463 387 2523 Deinde
400 2481 501 2522 manes
515 2463 594 2523 barii
609 2463 644 2523 ab
654 2463 756 2524 inferis
767 2472 934 2537 evocantur,
948 2464 1069 2524 salutem
1081 2463 1148 2524 alla·

93 2546 162 2608 turi.
203 2546 363 2608 Adscendit
381 2566 415 2607 ex
436 2546 513 2607 Orco
529 2547 624 2626 Magni
639 2546 727 2624 Regis
742 2548 856 2620 umbra,
878 2547 973 2625 regiae
993 2547 1148 2608 divinitatis

90 2630 257 2710 insignibus
275 2639 387 2705 ornata,
407 2631 620 2712 tranquilaque
640 2631 779 2710 gravitate
799 2640 970 2712 praesentes
996 2631 1151 2712 alloquitur

89 2718 143 2778 fati
158 2717 269 2778 aeterni
283 2717 427 2797 interpres
448 2717 572 2779 divinus.
602 2716 733 2796 lienique
752 2719 843 2780 redux
862 2718 983 2791 Xerxes,
1004 2717 1103 2780 habitu
1122 2726 1151 2779 et

89 2803 209 2864 fortuna
223 2803 338 2865 foedus.
366 2802 537 2883 lugentibus
553 2802 677 2883 querelis
695 2809 725 2864 et
739 2803 942 2883 ejulationibus
956 2804 1030 2866 fusis
1045 2804 1150 2884 lugen-

91 2896 150 2950 tem
165 2889 296 2968 lugentes
312 2889 348 2950 ad
363 2889 448 2950 aedes
463 2888 556 2968 regias
572 2889 721 2951 deducunt
733 2889 859 2952 Xerxem
875 2908 970 2952 senes.

161 3123 203 3189 60)
217 3124 276 3176 772.
289 3123 389 3246 sedorp

389 3122 426 3194 dep
439 3124 490 3179 οὐκ
500 3121 625 3211 ἤχθηρεν
636 3125 674 3187 ὡς
685 3120 796 3197 εὔφρων
808 3126 869 3198 ἔφυ.

161 3193 203 3255 61)
219 3193 267 3243 160
285 3211 322 3260 sq.
339 3192 358 3245 d
374 3193 464 3259 domos,
480 3214 520 3265 μη
536 3198 626 3265 μέγας
646 3197 768 3254 πλοῦτος
787 3201 903 3255 κονίσας
919 3190 1007 3254 οὖδας
1022 3196 1149 3267 ἀντρέψῃ

91 3259 164 3314 ποδὶ
175 3254 265 3327 ὄλβον,
278 3256 310 3314 ὃν
322 3265 442 3333 Δαρεῖος
459 3257 520 3333 ’ριν
532 3261 582 3317 οὐκ
593 3263 660 3320 ἄνευ
670 3266 747 3319 θεῶν
757 3262 840 3324 τινός.

161 3329 204 3394 62)
218 3326 370 3398 δολόμητιν
380 3327 599 3386 denotasses
610 3337 651 3392 τὶς
659 3332 730 3404 ἀνὴρ
739 3332 845 3390 θνατὸς
857 3329 993 3392 ἀλύξει-
1002 3327 1151 3399 φιλόφρων

92 3393 148 3516 {gap
164 3401 301 3517 σαίνὲουὲα
318 3396 350 3482 td
367 3401 480 3528 uppipgov
496 3399 620 3485 παράγει
636 3400 738 3472 βροτὸν
754 3403 792 3459 εἰς
809 3397 977 3470 οἷρκὺστατα,
998 3396 1084 3450 τόθεν
1101 3394 1151 3450 οὐκ

129 3482 222 3518 τιννπ
306 3482 502 3519 ατοναυατ
608 3490 643 3521 ι.
1060 3501 1063 3506 -

163 3534 203 3599 63)
216 3484 322 3587 desidiis
330 3531 398 3586 κατὰ
410 3485 641 3608 μοῖέἒῖρΐξζιειεῖι
649 3531 681 3585 τὸ
692 3530 821 3594 παλαιὸν,
834 3533 978 3601 ἐπέσκηψε
988 3531 1019 3585 δὲ
1028 3533 1153 3604 Πέρσαις

94 3601 236 3670 πολέμους
252 3599 361 3655 διέπειν
377 3611 426 3655 etc.
443 3630 478 3642 -·
492 3604 572 3668 lgitur
588 3605 714 3667 ingentem
729 3603 797 3653 illam
814 3602 936 3654 bellorum
954 3610 1024 3654 terra
1040 3605 1151 3671 marique

91 3677 221 3734 gestorum
234 3672 332 3732 molem,
345 3672 467 3734 turribus,
479 3672 582 3722 urbibus
596 3671 694 3735 dirutis,
706 3670 821 3734 moeniis,
833 3671 912 3736 aquis,
929 3672 1034 3723 navibus
1051 3673 1152 3739 conspi-

92 3754 164 3789 cuam
177 3738 236 3789 mali
247 3739 283 3789 illi
293 3739 435 3801 daemones,
445 3741 487 3804 qni
496 3741 582 3791 Persis
592 3738 677 3792 infesti
686 3746 766 3803 erant,
779 3739 991 3790 machinabantur.
1014 3737 1152 3812 ἀλάστωρ,

93 3801 214 3875 στυγνὸς
225 3805 344 3875 δαίμων,
357 3801 441 3863 κακὸς
452 3806 572 3877 δαίμων,
589 3803 711 3864 παλαιὸς
722 3805 842 3876 δαίμων,
858 3802 1031 3875 δυςπόνητος
1041 3808 1153 3878 δαίμων

94 3881 144 3926 cet.
168 3874 221 3926 llos
233 3881 287 3925 tota
296 3873 381 3925 labula
392 3874 500 3926 redolet.

112 4010 127 4061 b
163 3941 205 4007 64)
218 3942 271 4061 lppc
282 3950 364 3995 metro
377 3944 461 4006 etium,
473 3943 536 3996 mira
546 3953 602 3997 arta
611 3943 723 3997 moribus
732 3947 926 4016 accommodato,
939 3961 1085 4013 expressum
1095 3960 1153 3996 esse
1230 3948 1233 3951 '

96 4017 215 4062 oser-vat
250 4026 310 4063 erm.

920 4099 953 4148 ἱ*
