2558 4530
442 352 483 402 ne
501 348 783 415 concurreretur.
1125 344 1141 394 o
1205 313 1213 328 ’

86 527 233 602 anguntarr
252 537 339 582 senes
357 519 467 582 chorici
490 525 519 580 et
538 519 659 590 Atussa,
685 516 792 595 quibus
812 533 911 577 rerum
930 510 1141 576 administratio

86 608 247 671 commissa
261 613 316 680 est,
332 606 402 666 dum
413 604 525 665 Xerxes
540 601 809 683 peregrinetur20).
838 599 939 661 Darius
952 591 1080 678 δαίμων
1091 599 1103 637 ²
1113 599 1140 672 1)

87 693 122 754 ab
138 692 239 754 inferis
254 690 415 764 adscendit,
438 697 466 750 et
481 707 515 749 ea
530 689 637 762 omnia,
658 706 733 768 quae
754 686 880 748 Nuntius
896 686 985 745 modo
1007 685 1041 744 de
1062 683 1141 744 clade
1157 700 1183 739 re

87 778 245 840 Salaminia
260 777 408 850 retulerat,
426 776 485 836 fato
500 774 574 835 facta
589 792 655 835 esse
670 774 708 834 ita
723 771 859 842 affirmat,
875 778 908 831 ut
923 770 958 830 ad
971 776 1081 830 vetusta
1096 769 1142 829 illa

85 863 205 925 oracula
221 861 336 924 alludat.
366 861 459 923 Simul
478 879 550 940 quae
564 861 643 939 apud
659 858 849 934 Plataeas22)
866 855 972 925 relictis
989 854 1143 915 Persarum

89 949 184 1029 copiis
206 948 325 1018 instent,
340 946 514 1021 indicat23).
544 972 551 985 =

176 1033 207 1110 3)
224 1032 376 1094 Glaucus
395 1031 565 1093 Marinus.
599 1031 633 1090 ln
654 1029 710 1090 hac
723 1027 820 1089 fabula
841 1047 856 1089 a
873 1026 981 1089 Glauco
1005 1043 1047 1097 aa,
1070 1042 1142 1103 quae
1157 1046 1181 1085 ια

89 1118 181 1180 modo
194 1119 269 1198 apud
281 1119 428 1180 Himeram
440 1116 547 1179 Siculis
559 1114 822 1178 adversusPoenos
835 1113 1025 1191 contigerant,
1038 1110 1144 1190 partim

89 1213 232 1278 enarrata,
242 1203 347 1285 partim
357 1203 481 1265 divinata
491 1203 582 1264 fuisse
594 1200 761 1281 suspicatur
768 1198 950 1274 Welckerns3
962 1215 1024 1258 rem
1035 1195 1145 1256 Anthe-

88 1291 178 1353 donte
200 1291 230 1352 in
251 1289 381 1365 Boeotia,
402 1289 452 1351 ubi
476 1288 601 1350 Glaucus
625 1278 753 1366 δαίμων
774 1278 931 1367 ἐγχώριος
952 1290 1022 1358 erat,
1051 1289 1145 1344 actam

86 1376 222 1455 esse24).

88 1509 291 1519 m

159 1573 201 1638 20)
216 1576 318 1640 Atossa,
330 1575 391 1643 Cyri
403 1577 463 1638 lilia,
481 1573 537 1642 εἶχε
549 1571 580 1624 τὸ
594 1575 653 1627 πᾶν
664 1570 766 1641 κράτος
775 1575 833 1625 Her.
849 1574 902 1627 Vll.
915 1574 939 1624 3.
961 1574 1040 1624 Senes
1054 1571 1146 1623 clerici

89 1643 215 1711 principes
228 1659 257 1693 ac
270 1660 364 1695 summo
377 1645 432 1695 loco
446 1645 497 1694 nati
509 1642 581 1692 1—6.
608 1643 663 1694 140.
677 1643 727 1694 210
736 1660 773 1710 sq.
787 1643 836 1695 215
847 1660 883 1709 sq.
912 1644 1012 1709 Septem
1022 1657 1066 1692 eos
1076 1641 1147 1703 regni

90 1727 210 1778 proceres
221 1709 301 1762 luisse
314 1714 455 1779 suspicatur
468 1711 604 1776 Stanlejns.
634 1712 724 1762 Darius
744 1728 788 1762 ecs
806 1708 894 1763 πιστὰ
906 1712 1015 1763 πιστῶν
1027 1711 1147 1794 appellat,

90 1787 116 1830 et
128 1773 219 1845 ἥλικες
238 1773 304 1846 ἥβης
315 1779 394 1850 ἐμῆς
411 1780 505 1831 Atussa
517 1780 638 1849 γηραλέα
650 1776 741 1831 πισιώ
765 1798 825 1842 στα,
839 1776 932 1831 πάντα
949 1777 1003 1848 γὰρ
1020 1797 1053 1830 τα
1071 1773 1144 1830 κέδν’

90 1846 122 1900 ἓν
133 1846 202 1916 ἡμῖν
215 1845 277 1899 ἔστι
287 1867 338 1918 μοι
349 1845 532 1918 βουλεύματα.
557 1849 672 1899 Ceterum
686 1865 733 1915 apa
762 1849 915 1899 lleredotmn
924 1847 1027 1898 Xerxes
1038 1847 1084 1898 soli
1095 1846 1147 1896 Ar·

89 1916 181 1966 tahano
191 1917 329 1982 imperium,
341 1918 456 1983 quamdin
468 1919 522 1982 ipse
534 1917 624 1967 absens
637 1915 737 1967 futurus
751 1917 792 1981 sit,
806 1917 945 1967 committit.

158 1983 200 2048 21)
215 1985 305 2035 Darius
318 1984 437 2054 δαίμων.
460 1985 529 2034 Darii
546 2000 677 2051 personam
690 1986 830 2051 primariam
848 2001 906 2036 esse
918 1991 995 2050 patet.
1020 1984 1082 2034 Eam
1098 2000 1146 2034 non

89 2053 171 2103 solum
192 2059 308 2119 tanquam
325 2054 528 2115 laetissimorum,
550 2055 637 2136 quihus
656 2054 732 2104 Dario
750 2069 809 2117 rege
827 2054 908 2116 gavisi
927 2053 977 2102 sint
993 2052 1086 2102 Persae
1105 2049 1146 2115 (cl.

89 2121 165 2170 Cher.
178 2119 227 2170 852
241 2124 296 2188 σο),
308 2137 393 2172 rerum
405 2129 533 2172 auctorem
546 2118 658 2182 ἄκακον,
672 2117 793 2187 ἀβλάβην
802 2121 893 2186 Xerxi,
906 2120 1057 2172 miserabilis
1071 2120 1147 2182 illius,

89 2204 159 2269 quae·
171 2190 349 2268 nuncirrnpit,
363 2191 450 2240 ruinae
463 2191 560 2270 auctori
573 2192 682 2257 opponit,
695 2206 783 2242 verum
795 2191 929 2257 mythicam
939 2189 1014 2239 etiam
1027 2189 1147 2254 quandam

89 2272 341 2376 tttttdttttt
353 2265 770 2392 ttttttttatttlttttt?
782 2258 1149 2387 tttttttt'tdttttttl:

91 2395 147 2442 dem
160 2393 272 2442 rationes
286 2402 396 2456 secutus,
414 2410 475 2458 qnos
488 2393 599 2443 Crenzer
610 2394 695 2459 Symb.
708 2394 749 2444 lll.
762 2396 832 2445 initio
846 2394 950 2444 Graecis
963 2396 987 2443 in
1001 2393 1148 2457 effingendis

91 2460 211 2509 heroibus
222 2461 330 2509 usitatas
342 2458 421 2510 luisse
433 2462 551 2525 disputat.
574 2461 665 2510 Darius
681 2462 765 2510 adstat
777 2462 859 2511 Xerxi
875 2462 1029 2526 periclitanti
1046 2463 1069 2510 in
1083 2478 1150 2512 som-

92 2528 135 2577 nio
147 2527 272 2588 Atossae3
287 2541 316 2576 eo
328 2542 407 2591 usquc
419 2528 553 2592 potestatis
565 2528 635 2576 valet
647 2529 671 2575 in
683 2527 758 2589 Orco,
775 2537 803 2578 ut
819 2530 902 2593 possit
917 2524 1006 2578 ἐσθλὰ
1024 2529 1149 2595 πέμπειν

91 2595 212 2658 Atossae,
226 2595 311 2660 τέκνῳ
324 2610 361 2657 τε,
373 2596 423 2661 γῆς
435 2592 548 2663 ἔνερθεν
560 2593 587 2650 ἐς
598 2589 680 2660 φάος,
694 2588 838 2665 τᾶμπαλιν
849 2593 881 2645 dt
897 2593 987 2646 τῶνδε
1002 2598 1085 2662 γαίας
1099 2594 1149 2647 κά-

91 2658 149 2731 τοχ’
164 2659 366 2731 ἀμαυροῦσθαι
379 2659 478 2730 σκότῳ.
495 2663 535 2714 llli
548 2669 663 2730 tanquam
675 2665 722 2714 dec
734 2679 874 2717 averrunco
886 2661 991 2715 inferiae
1001 2664 1148 2729 offeruntur,

89 2731 782 2918 psxvpppprtgtpconpppumepbgpcypnprppppppticamc
796 2793 921 2866 ὕπεστιν,
938 2797 994 2854 dtt'
1015 2797 1049 2855 ἔτ’
1069 2801 1149 2855 lanc-

109 2884 194 2920 σεται.

159 2936 201 3000 23)
215 2937 284 3003 Quae
296 2937 392 2988 Ghorns
405 2937 456 2987 584
473 2953 526 3003 sqq.
540 2938 570 2988 de
582 2939 680 3004 populis
694 2937 813 2989 Asiaticis
826 2968 860 2978 -
873 2941 901 2991 cl
917 2936 971 2993 ἀνὰ
987 2942 1042 3009 γᾶν
1052 2936 1149 2992 Ἀσίαν

89 3031 125 3043 -
137 3004 271 3056 Persarum
280 3005 368 3070 jugum
376 3006 479 3071 jamjam
492 3009 639 3058 'excussoris
651 3008 719 3070 dicit,
736 3009 768 3057 iis
786 3009 817 3057 ad
829 3006 901 3059 lones
916 3011 1072 3075 potissimum
1082 3010 1148 3059 allu-

90 3075 151 3124 dere
163 3074 222 3123 mibi
233 3075 342 3124 videtur.

159 3141 201 3203 24)
212 3142 362 3205 Fragmenta
371 3142 444 3206 hujus
455 3140 552 3194 fabulae
562 3160 587 3194 v.
594 3145 658 3210 apud
664 3145 746 3194 Herm.
754 3146 784 3195 de
791 3145 911 3213 Aeschyli
918 3145 1018 3196 Glaucia
1028 3145 1148 3213 opuscll.

90 3226 114 3276 p.
124 3209 157 3259 59
171 3225 208 3275 sq.
226 3209 295 3274 Quae
308 3225 339 3260 ex
353 3211 383 3260 iis
396 3210 547 3274 eruitWtk,
560 3213 689 3262 admodum
701 3213 775 3264 dnbia
785 3230 842 3265 esse
855 3221 968 3280 apparet.
990 3215 1148 3280 liquidem-

90 3293 147 3328 nam
159 3279 203 3327 vix
216 3293 324 3343 possum,
338 3279 396 3344 quin
408 3286 435 3329 et
447 3280 500 3346 ipse
513 3280 547 3329 ibi
562 3296 640 3346 pauca
657 3283 777 3346 suspicer,
793 3283 835 3333 ubi
847 3283 979 3348 plurimum
996 3283 1148 3346 conjectoris

90 3346 211 3396 faciendis
224 3347 306 3396 locum
318 3348 401 3397 datum
413 3363 471 3398 esse
484 3349 557 3398 video
569 3376 604 3386 -
616 3349 638 3398 si
648 3364 677 3398 ea
687 3364 787 3413 sequor,
801 3366 863 3415 qnae
876 3352 907 3400 ab
920 3351 974 3415 ipso
984 3348 1112 3413 Aeschylo
1124 3351 1148 3398 in

91 3414 178 3464 Parsis
190 3411 239 3464 lab.
251 3415 359 3466 indicata
372 3424 438 3481 sunt,
451 3417 581 3466 maximam
595 3415 684 3467 Glauci
696 3425 791 3481 partem
809 3418 952 3468 Plataeensi
965 3431 1062 3482 pugnae
1074 3423 1149 3481 atque

91 3481 177 3532 lenum
189 3483 214 3532 in
227 3483 368 3535 libertatem
381 3485 536 3535 restitutioni
549 3485 631 3533 datam
643 3480 722 3531 luisse
735 3485 891 3534 crediderim.
913 3485 976 3534 Nam
989 3485 1020 3532 iis
1029 3485 1059 3533 ad
1071 3482 1149 3535 Grae-

92 3566 178 3600 corum
190 3551 295 3613 gloriam
308 3559 335 3602 et
347 3552 490 3603 libertatern
503 3567 552 3601 non
564 3551 638 3599 modo
651 3551 782 3614 plurimum
800 3552 945 3616 addebatur,
959 3551 1012 3615 sed,
1028 3552 1049 3601 si
1063 3553 1149 3602 delini-

90 3627 143 3670 tum
157 3619 230 3683 hujus
242 3620 303 3669 belli
315 3620 431 3670 ambitum
444 3619 547 3670 efficere
559 3617 663 3683 placuit,
682 3617 749 3667 hisce
765 3620 854 3684 pugnis
866 3618 1009 3669 Plataeensi
1024 3628 1050 3670 et
1062 3621 1150 3688 Myca-

90 3687 156 3752 lensi
169 3688 226 3737 linis
239 3688 315 3738 etiam
327 3695 354 3736 et
366 3695 434 3738 certa
447 3687 574 3737 conclusio
594 3686 642 3735 toti
660 3686 751 3736 actioni
770 3703 860 3740 revera
879 3688 1057 3754 imponebatur,
1074 3698 1149 3755 atque

90 3757 152 3806 item
164 3756 188 3804 in
202 3771 277 3806 scena
294 3771 335 3805 res
349 3756 439 3820 optime
452 3771 507 3805 cum
520 3755 551 3804 iis
564 3755 678 3804 concludi
690 3762 797 3821 poterat.
818 3757 868 3807 llas
881 3756 986 3807 chorieis
999 3759 1149 3808 carminibus

91 3824 252 3874 Anthedonte
265 3824 289 3874 in
300 3823 411 3882 boeotia,
425 3838 495 3888 quam
509 3829 535 3872 et
547 3824 600 3889 ipse
610 3825 700 3874 Aescb.
713 3824 769 3874 Prs.
779 3824 837 3874 806.
851 3825 952 3876 innuere
965 3827 1074 3890 videtur,
1088 3843 1148 3876 cou-

91 3892 233 3942 celebratas
246 3899 272 3942 et
284 3907 330 3957 per
342 3890 428 3942 varias
440 3906 529 3941 scenas
542 3891 660 3942 discretis
672 3893 829 3944 sermonibus
842 3901 868 3944 et
879 3895 1018 3945 actionibus
1028 3895 1149 3945 distribu-

91 3967 132 4009 tas
152 3958 232 4010 fuisse
253 3967 447 4010 consentaneum
469 3967 516 4010 est.
547 3959 634 4026 Neque
656 3978 705 4011 noa
725 3962 805 4027 ipsum
826 3962 972 4013 llimerense
993 3964 1149 4030 proeliuma

93 4025 189 4077 Glauco
201 4028 294 4078 reduce
312 4028 337 4078 in
353 4029 434 4079 media
451 4025 533 4079 fabula
555 4036 683 4080 narratum
695 4028 782 4093 fnisse,
795 4038 869 4098 atque
886 4031 921 4081 ita
934 4047 1030 4083 omnem
1043 4031 1148 4081 omnium
