2558 4530
185 371 219 424 66
586 368 632 421 De
650 365 830 418 Hellanico

185 526 290 587 dehinc
304 525 335 585 in
350 532 450 604 aperto
467 524 506 584 sit
524 530 611 602 atque
626 525 661 584 ad
678 522 918 601 cognoscendum
933 522 1112 601 expeditum.
1147 523 1247 584 Restat

182 620 216 671 nt
231 629 303 689 quae
318 610 379 670 eius
396 610 431 670 ad
447 609 631 669 Herodotum
654 609 727 668 ratio
744 609 783 668 sit
797 616 825 667 et
841 607 910 685 quid
926 607 1046 667 inferior
1063 614 1143 667 aetas
1161 610 1198 668 de
1212 628 1244 668 eo

184 696 391 756 existimaverit
411 695 513 772 paucis
535 694 709 752 examinem.
740 693 804 765 Qua
824 693 854 752 in
869 710 900 751 re
915 692 972 752 iam
987 692 1119 770 primum
1136 693 1173 752 de
1189 694 1244 753 He-

183 781 290 841 rodoto
306 779 508 839 difficillimum
530 786 574 837 est
594 777 786 855 pronuntiare
802 777 968 854 quidquam.
999 777 1182 837 Hellanicnm
1198 796 1243 837 ae-

183 872 241 926 tate
256 865 342 943 paulo
359 863 503 924 iuniorem
519 862 566 921 illc
584 882 651 922 esse
666 881 756 941 supra
768 862 1002 922 demonstratum
1016 870 1069 934 est,
1081 880 1180 939 neque
1191 862 1244 922 hoo

182 950 251 1010 inde
265 949 385 1009 refutari
401 954 508 1026 potest,
525 947 603 1024 quod
620 947 763 1007 Nostrum
778 964 992 1024 nonnunquam
1007 946 1084 1006 inter
1098 947 1243 1025 antiquio-

182 1053 230 1095 res
247 1041 412 1105 numerant,
427 1032 505 1091 velut
520 1051 566 1109 ap.
582 1032 700 1110 Dionys
716 1031 779 1091 Hal.
795 1031 830 1091 ad
847 1032 898 1091 Cn.
913 1032 1018 1108 Pomp.
1036 1050 1059 1090 c.
1078 1031 1106 1090 3.
1129 1023 1168 1091 οὐ
1183 1028 1242 1114 μήν

179 1111 364 1200 Ἡρόδοτός
391 1136 426 1196 γε
447 1108 536 1177 τοῦτ’
565 1110 734 1199 ἐποίησεν,
763 1107 846 1175 ἀλλὰ
868 1113 933 1175 τῶν
954 1112 1022 1196 προ
1045 1107 1145 1176 αὐτοῦ
1169 1135 1242 1196 σογ-

185 1197 337 1285 γραφέων
359 1195 536 1282 γενομένων
554 1191 742 1261 Ἑλλανίκου
763 1220 799 1260 τε
821 1195 879 1261 καὶ
898 1195 1059 1279 Χάρωνος
1071 1196 1131 1283 τὴν
1147 1192 1242 1282 αὐτὴν

183 1281 351 1347 ὑπόθεσιν
372 1280 678 1368 προεκδεδωκότων,
702 1276 759 1345 οὐκ
781 1276 994 1365 ἀπετράπετο
1009 1281 1090 1344 aab:
1107 1287 1188 1363 quod
1203 1286 1242 1346 fe-

184 1380 287 1432 cerunt
301 1379 333 1431 ut
347 1390 400 1449 ego
414 1372 521 1450 opinor
533 1372 638 1450 partim
650 1378 815 1449 propterea,
829 1371 907 1448 quod
920 1369 1085 1430 Hellanicus
1098 1371 1241 1449 antiquio-

182 1475 246 1518 rem
262 1456 401 1517 historiae
416 1457 647 1517 conscribendae
657 1457 802 1515 rationem
815 1463 931 1515 secutus
944 1457 1008 1532 ipse
1021 1456 1170 1533 antiquior
1182 1473 1241 1516 esse

182 1542 336 1615 videretur,
351 1541 457 1620 partim
474 1542 539 1618 quia
552 1539 663 1618 singula
675 1540 814 1600 Hellanici
828 1541 935 1617 scripta
946 1538 1090 1600 maturius
1102 1540 1241 1618 divulgata

181 1626 293 1686 fuerint
307 1644 395 1703 quam
411 1645 487 1704 opus
503 1625 656 1696 Herodoti,
672 1626 749 1703 quod
766 1624 842 1684 sicut
856 1643 948 1685 unum
963 1631 1009 1684 est
1020 1626 1162 1704 exmultis
1176 1644 1241 1704 par-

182 1710 261 1770 tibus
282 1718 434 1780 constans,
456 1712 494 1770 ita
514 1727 576 1769 non
592 1716 706 1788 poterat
724 1709 781 1770 nisi
797 1709 833 1768 ab
851 1709 985 1769 absoluto
1002 1709 1110 1769 artifice
1127 1729 1161 1770 ac
1176 1729 1241 1770 sene

184 1793 304 1854 absolvi.
327 1795 414 1872 Atqui
429 1795 501 1854 haec
511 1795 576 1873 ipsa
589 1812 675 1854 cansa
687 1802 731 1854 est
742 1794 982 1854 curHellanicum
990 1794 1143 1855 Herodoto
1156 1814 1241 1856 nsum

183 1896 249 1938 esse
264 1897 354 1956 supra
370 1879 537 1956 negaverim
554 1886 584 1939 et
593 1898 686 1957 usque
697 1879 862 1957 negandum
875 1887 989 1958 putem3
1002 1878 1050 1957 qui
1063 1878 1087 1938 si
1100 1879 1241 1940 Herodoti

182 1964 274 2025 libros
290 1973 466 2042 usurpasset
480 1963 630 2042 nihiloque
645 1964 740 2025 secius
756 1964 799 2024 sic
815 1964 983 2042 scripsisset
997 1971 1030 2024 ut
1043 1964 1171 2042 scripsit,
1187 1965 1241 2025 mi-

181 2068 250 2109 rum
265 2049 295 2108 in
311 2050 432 2109 modum
450 2049 585 2127 stupidus
600 2049 713 2109 fuisset.
743 2049 846 2109 Potius
858 2049 936 2109 dicas
952 2049 1135 2109 Herodotum
1147 2049 1241 2110 Hella-

181 2134 248 2194 nico
269 2152 357 2194 usum
378 2153 456 2208 esse,
477 2153 653 2212 quamquam
674 2136 760 2194 etiam
781 2134 848 2194 illud
869 2152 930 2193 non
946 2142 1044 2212 potest
1059 2134 1191 2211 probari,
1212 2142 1241 2196 ut

181 2217 423 2277 verisimillimum
446 2227 546 2297 putem
569 2238 636 2279 cum
651 2219 832 2279 Dahlmanno
856 2228 884 2279 et
898 2218 1021 2280 Baehrio
1045 2219 1075 2277 in
1091 2220 1240 2280 Herodoto

181 2301 245 2362 Vol.
261 2303 308 2375 lv,
323 2321 352 2380 p.
370 2302 430 2364 398
450 2311 506 2379 „et
520 2303 700 2365 Hellanicnm
720 2311 748 2364 et
763 2305 945 2365 Herodotum
966 2305 1005 2364 ita
1022 2304 1195 2382 scripsisse,
1210 2312 1240 2365 ut

181 2395 285 2447 neuter
298 2387 415 2448 alterius
433 2388 540 2467 scripta
557 2389 671 2466 cognita
683 2389 844 2449 habuerit.“
869 2389 956 2462 Quod
969 2390 1004 2449 ad
1019 2397 1132 2449 ceteros
1145 2388 1240 2449 histo-

179 2473 258 2533 ricos
271 2472 372 2533 attinet
382 2473 507 2534 vidimus
515 2473 714 2553 Thucydidem
725 2474 865 2535 Nostrum
875 2475 995 2551 dignum
1004 2473 1144 2533 habuisse
1154 2493 1239 2552 quem

180 2557 303 2618 subinde
318 2557 492 2636 respiceret,
512 2578 538 2619 v.
554 2578 582 2636 p.
599 2559 655 2631 26,
677 2558 725 2618 ubi
741 2560 820 2636 quod
835 2559 905 2619 dicit
920 2558 1102 2618 Hellanicnm
1119 2559 1149 2617 in
1165 2568 1240 2619 tem-

179 2642 303 2719 poribus
323 2643 517 2720 negligentem
536 2643 641 2715 fuisse‚
663 2643 722 2703 noli
739 2644 843 2703 hocin
858 2643 1027 2702 universum
1044 2641 1239 2720 interpretari3

179 2724 310 2802 loquitur
326 2726 508 2805 Thucydides
523 2728 643 2788 nonnisi
660 2728 695 2787 de
710 2717 996 2808 πεντηκονταετίρε.
1026 2723 1239 2806 Chronologica

180 2808 242 2868 eius
258 2810 360 2870 merita
376 2813 400 2871 si
412 2812 489 2874 nulla
502 2832 566 2873 esse
578 2819 720 2891 putasset,
733 2808 961 2887 computationis
972 2808 1058 2880 illins,
1072 2829 1160 2887 quam
1173 2813 1238 2873 Hel-

179 2892 289 2955 lanicus
309 2893 522 2969 introduxerat,
542 2899 688 2958 rationem
708 2912 770 2954 non
790 2893 952 2966 habuisset,
976 2894 1053 2971 qnod
1073 2895 1142 2956 fecit
1156 2897 1237 2958 iden·

141 2994 168 3034 ω
182 2977 283 3052 tidem,
299 2998 325 3039 v.
339 2999 366 3059 p.
382 2983 431 3042 44.
462 2982 562 3062 Neque
578 2981 636 3041 veri
652 2978 785 3043 absimile
800 2978 887 3038 etiam
902 2979 1005 3039 ceteris
1021 2979 1050 3039 in
1066 2980 1155 3041 rebus
1167 2981 1238 3042 Hel-

160 3063 264 3123 lanioi
282 3064 373 3125 libros
394 3067 429 3126 ab
451 3087 486 3127 eo
508 3065 633 3127 subinde
652 3064 832 3124 consultatos
849 3082 930 3135 esse,
948 3063 1024 3123 velut
1038 3064 1237 3127 Dahlmannns

180 3148 222 3225 (p.
240 3147 314 3226 225)
334 3151 489 3212 arbitratur
509 3152 539 3210 in
558 3148 724 3208 narratione
740 3148 776 3208 de
791 3148 898 3228 Cylone
912 3166 973 3208 non
989 3149 1175 3210 Herodotum
1191 3170 1238 3212 re·

179 3232 263 3311 spici,
279 3235 329 3294 sed
346 3235 496 3297 Nostrum.
526 3232 724 3304 Recentiores,
740 3233 788 3312 qui
802 3233 916 3294 fabulas
933 3254 948 3293 a
965 3233 1135 3312 Thucydide
1150 3253 1236 3314 pror-

179 3336 231 3378 sus
246 3319 366 3380 reiectas
382 3319 522 3382 historiae
537 3317 633 3377 denuo
649 3317 843 3391 vindicabant,
858 3319 996 3397 Ephorus
1012 3319 1137 3378 maxime
1153 3327 1236 3399 atque

178 3403 405 3482 Theopompus,
434 3401 556 3462 multum
585 3401 619 3461 de
642 3401 786 3463 Hellanico
813 3404 1002 3482 superciliose
1027 3403 1234 3466 iudicaverunt.

85 3497 88 3501 ’
177 3487 340 3549 Inscienter
360 3506 428 3549 eum
447 3485 551 3546 fabulis
572 3505 660 3547 usum
683 3507 748 3548 esse
767 3488 950 3561 dictitabant3
972 3488 1080 3548 scilicet
1094 3488 1141 3548 illa
1157 3497 1233 3551 aetas

179 3572 379 3649 sophistarum
391 3578 478 3648 atque
488 3571 637 3633 rhetorum
651 3572 803 3650 disciplina
814 3592 915 3633 recens
927 3573 1039 3633 imbuta
1051 3581 1113 3633 erat
1124 3575 1234 3635 varias·

178 3674 235 3733 que
254 3658 578 3735 interpretamentcrum
599 3659 726 3736 argutias
747 3659 900 3736 poscebat,
925 3658 998 3718 civili
1019 3658 1174 3735 prudentia
1190 3658 1234 3718 di-

178 3741 318 3820 cendique
333 3739 455 3800 floribus
472 3749 601 3812 ornatas,
623 3761 692 3821 prae
707 3742 813 3820 quihus
830 3744 958 3803 incomta
974 3742 1019 3802 illa
1035 3742 1234 3821 logographo-

176 3841 243 3884 rum
259 3824 428 3902 simplicitas
445 3826 693 3886 contemnebatur.
724 3827 838 3888 lnduxit
853 3827 1069 3905 superbientem
1081 3827 1158 3887 illam
1172 3846 1234 3887 ma·

176 3908 358 3970 ledicentiam
378 3910 587 3988 Theopompus
608 3911 712 3983 Chius,
736 3930 822 3989 quem
844 3912 949 3972 Strabo
969 3912 991 3986 1,
1013 3932 1041 3990 p.
1057 3911 1119 3972 430
1135 3919 1236 3973 narrat

176 3994 345 4069 professum
362 4012 428 4053 esse
443 3985 496 4055 ὅτι
518 3989 574 4054 καὶ
588 3989 718 4072 μύθους
731 3990 766 4057 ἕν
779 3994 853 4069 ταῖς
868 3988 1031 4078 ἱστορίαις
1045 3990 1114 4080 ἐρεῖ
1127 3997 1235 4078 κρεῖτ-
