2558 4530
392 365 433 416 De
452 366 602 433 Aeschyli
620 368 736 419 Persis.
1079 376 1094 424 5

33 536 157 601 materia
171 535 296 615 insignis
313 542 384 607 erat,
401 535 558 615 splendore
572 542 602 597 et
616 534 791 598 sublimitate
804 555 884 600 nunc
897 539 938 601 nil
952 541 1009 602 nisi
1024 541 1095 605 nudi

34 624 182 696 mortales,
198 621 370 701 quotidiano
386 621 526 701 adspectu
546 628 576 683 et
593 621 729 684 familiari
749 625 959 686 consuetudine
973 628 1046 700 noti,
1063 627 1094 689 in

34 728 152 772 scenam
169 707 352 789 producendi
368 714 462 782 erant;
478 715 506 769 et
517 726 572 787 pro
588 708 791 788 portentuosis
806 709 863 771 illis
878 717 906 770 et
922 730 995 789 qnae
1006 731 1096 792 super

34 795 237 876 quotidianam
252 793 341 854 vitam
356 793 442 871 longe
461 793 638 854 excedebant
656 793 875 856 conditionibus
894 812 973 858 nunc
984 798 1025 858 nil
1038 798 1096 859 nisi

33 882 100 943 talia
116 879 280 941 exhibenda
293 885 383 952 erant,
396 897 469 958 quae
480 878 562 941 tritas
574 879 636 940 illas
650 879 817 960 solitasque,
831 880 936 961 quibus
948 901 997 944 res
1009 884 1095 962 vulgo

33 967 80 1046 agi
96 966 201 1038 solent,
220 965 298 1043 leges
314 964 385 1024 adeo
401 982 471 1043 prae
486 984 518 1026 se
532 965 650 1036 ferrent,
671 973 705 1026 ut
723 965 743 1026 ii
763 967 812 1045 qui
832 967 1012 1046 spectabant,
1033 988 1096 1030 eaa

35 1057 131 1113 semet
145 1049 219 1128 ipsis
234 1066 328 1128 nuper
348 1057 429 1128 gesta
449 1068 516 1111 esse
542 1051 659 1113 scirent.
697 1051 854 1113 Summum
877 1052 1002 1133 deniqne
1019 1061 1048 1114 et
1066 1053 1097 1114 in

35 1155 94 1216 quo
111 1153 227 1197 summa
250 1134 336 1195 simul
355 1153 468 1210 eorum,
487 1136 537 1215 qui
559 1137 624 1197 talia
645 1136 732 1216 primi
749 1138 779 1198 in
793 1138 972 1216 tragoediam
988 1139 1096 1201 inferre

34 1221 133 1284 conati
149 1229 225 1294 sunt,
238 1228 266 1282 et
281 1220 401 1282 audacia
417 1227 446 1282 et
460 1239 508 1282 ars
524 1223 605 1283 cerni
619 1229 728 1301 potest,
750 1223 778 1283 id
795 1223 867 1284 nihil
879 1223 954 1285 aliud
967 1232 1021 1297 est,
1037 1225 1095 1286 nisi

34 1307 82 1380 id,
104 1307 185 1386 quod
200 1306 235 1368 ab
253 1305 482 1385 omnitempore
497 1307 543 1380 iis,
566 1307 615 1386 qui
630 1307 745 1387 publice
760 1308 828 1386 qnid
851 1309 1001 1371 instituere
1014 1310 1094 1372 vole-

33 1393 113 1464 bant,
130 1392 255 1452 maxime
277 1391 401 1459 arduum
422 1391 593 1465 habebatur,
615 1400 644 1453 et
664 1409 757 1471 paene
777 1393 855 1472 quod
876 1395 952 1454 effici
973 1397 1094 1457 omnino

33 1478 176 1557 nequiret.
216 1477 332 1537 Etenim
354 1495 421 1536 oum
442 1484 535 1537 certas
555 1476 618 1537 illas
639 1477 717 1537 ideas
739 1478 862 1556 tragicas
882 1479 1017 1559 mythicis
1039 1481 1135 1541 ihis1o

33 1563 182 1644 personis,
195 1560 376 1634 notionibus,
399 1561 564 1623 actionibus
584 1562 622 1622 ita
637 1562 790 1625 adstrictas
805 1564 896 1624 fuisse
916 1564 1048 1638 dixerim,
1064 1573 1097 1627 ut

34 1649 72 1710 iis
87 1655 224 1727 tanquam
243 1647 351 1707 sanctis
367 1646 539 1726 quibusdam
557 1647 697 1727 symbolis
713 1649 830 1728 publico
847 1668 902 1711 usu
919 1658 947 1711 ct
961 1650 1095 1712 instituto

33 1733 159 1814 receptis
176 1738 378 1794 cernerentur:
394 1740 517 1812 apparet
530 1732 566 1794 iis
583 1733 660 1807 viris,
683 1734 708 1794 si
724 1735 839 1814 quidem
856 1735 960 1813 aliquid
977 1737 1012 1798 ad
1029 1755 1095 1797 om-

34 1838 103 1884 nem
120 1818 286 1880 communis
301 1818 375 1879 vitae
390 1818 574 1896 disciplinam
589 1819 694 1880 talibus
709 1820 869 1898 tragoediis
885 1821 1000 1882 efficere
1014 1822 1095 1883 vole·

32 1907 113 1979 bant,
130 1905 248 1966 easdem
272 1903 350 1964 ideas
371 1903 451 1964 hisce
470 1904 558 1965 rebus
574 1905 723 1965 historicis
745 1925 776 1966 ea
793 1925 859 1966 curn
875 1906 980 1967 virtute
996 1907 1094 1986 expri-

33 1991 157 2053 mendas
171 1990 321 2063 fuisset
291 1995 321 2050 ut
336 2009 397 2064 eae,
413 1989 437 2050 si
449 2007 511 2050 non
522 1991 595 2069 pari,
611 1998 708 2051 tamen
721 1990 868 2052 consimili
880 1991 1004 2070 quadarn
1021 1992 1095 2053 erni-

32 2077 134 2139 nentia
148 2082 177 2137 et
191 2075 397 2155 perspicuitate
413 2076 499 2136 etiam
515 2076 545 2136 in
560 2076 616 2136 hac
635 2095 682 2137 rna
683 2076 754 2137 teria
773 2076 851 2137 cerni
872 2084 1005 2156 possent.
1035 2077 1095 2155 lgi-

32 2172 81 2225 tur
96 2180 157 2226 non
172 2161 287 2223 modo
280 2180 362 2240 ipsos
379 2180 413 2221 eo
435 2161 550 2240 sapient
551 2161 595 2222 iae
610 2161 771 2241 proiecisse
791 2161 953 2241 oportebat,
973 2162 1095 2241 utquid

33 2247 201 2329 symbolum
216 2246 351 2326 etquid
344 2253 486 2321 internus,
506 2266 555 2325 qm
548 2247 617 2307 illo
639 2247 858 2326 exprimeretur,
880 2266 986 2309 sensus
1007 2255 1095 2319 esset,

33 2333 202 2413 disjungere
213 2331 336 2404 scirent,
347 2350 448 2393 verum
460 2339 519 2392 tarn
532 2332 692 2393 luculenter
700 2332 787 2393 etiarn
800 2353 815 2393 c
817 2340 894 2393 ttam
902 2332 1038 2394 manifest
1040 2332 1094 2394 eid

34 2419 200 2496 exprimere
211 2416 316 2476 fabulis
328 2417 390 2476 suis
402 2415 562 2488 historicis,
574 2423 606 2476 ut
618 2416 695 2476 idem
707 2424 886 2494 spectatores
895 2419 980 2478 etiarn
990 2419 1095 2478 edoce-

33 2508 147 2565 rentur.
164 2501 228 2559 Jam
237 2516 305 2559 vero
318 2499 391 2570 vide,
405 2499 521 2576 quantis
533 2499 597 2558 illos
609 2499 687 2560 viros
698 2500 831 2560 laudibus
839 2503 1031 2562 cumulandos
1040 2520 1096 2580 pu-

34 2596 144 2659 temus,
165 2584 215 2664 qui
232 2591 291 2645 tarn
303 2582 452 2663 praeclare
471 2601 512 2656 ea,
536 2602 610 2662 quae
621 2585 781 2645 multorum
794 2585 947 2645 hominnm
961 2585 1095 2647 crudien-

33 2674 143 2736 dorum
159 2688 275 2731 summa
288 2676 341 2742 est,
356 2669 555 2746 fungerentur,
572 2676 605 2731 ut
615 2669 678 2730 vivo
692 2671 819 2749 quodam
832 2677 861 2731 et
872 2689 937 2732 rere
948 2673 1096 2753 praesenti

32 2759 205 2838 mythorum
217 2754 362 2816 intellectu
369 2761 547 2834 spectatores
556 2754 729 2831 imbuerent,
737 2774 848 2835 eosque
856 2757 943 2819 simul
952 2777 986 2820 eo
995 2776 1095 2819 rerum

33 2843 168 2907 omnium
184 2841 331 2920 sapienter
346 2840 568 2920 judicandarum
588 2841 725 2903 scientiae
744 2843 909 2918 eveherent,
927 2851 961 2905 ut
979 2844 1095 2905 easdem

33 2961 234 2973 ...ψ--μ--η-

34 3008 104 3078 ὅλην
122 3010 169 3062 καὶ
186 3011 294 3062 τελείαν
312 3004 467 3078 lxouootv'
451 3004 542 3080 αρχὴν
560 3029 593 3062 κα
595 3010 713 3090 ὶμέσρν
729 3011 776 3062 καὶ
793 3012 871 3069 τέλος
892 3014 956 3079 apud
973 3012 1095 3063 Nostrum

33 3098 83 3133 non
97 3080 170 3130 nimis
183 3080 257 3130 anxie
271 3080 436 3144 quaerendam
449 3094 515 3129 esse.
541 3080 657 3130 Ceterum
674 3081 757 3145 juvat,
774 3081 889 3148 qnoniam
901 3081 976 3131 olium
989 3082 1046 3131 huic
1058 3081 1096 3130 rei

33 3167 82 3201 non
97 3150 182 3199 datum
195 3163 252 3197 esse
265 3147 346 3197 locoru
359 3147 441 3210 video,
454 3148 515 3197 hac
509 3163 562 3213 rpsa
576 3149 705 3199 occasione
716 3165 794 3214 panca
807 3150 865 3199 de'
850 3166 880 3199 ns
891 3149 1030 3199 rationibus
1041 3164 1095 3198 nro·

34 3234 106 3281 nere,
120 3217 208 3283 quihus
220 3217 326 3264 maxime
338 3231 398 3265 usus
409 3215 550 3282 Aeschylus
563 3216 621 3266 illas
632 3214 794 3268 difficultates
804 3217 945 3267 sustulerit.
970 3216 996 3266 ln
1010 3232 1057 3281 qun
1067 3231 1095 3266 re

35 3288 230 3404 distanti
241 3285 456 3402 balthild
468 3284 646 3403 llll-[ull
660 3285 709 3402 th
724 3285 1096 3402 tttthtttttthtts

36 3371 88 3472 ⁰Aba
102 3437 149 3486 qno
162 3422 196 3471 ita
200 3368 356 3471 discessisse
368 3368 507 3471 Nostruiri'
501 3421 630 3484 ingeniose
642 3369 727 3469 tirones
744 3421 827 3468 Herm.
844 3367 884 3483 uty
899 3434 972 3483 quum
990 3417 1098 3483 Phryni-

37 3491 97 3540 chus
108 3504 139 3538 ex
153 3489 295 3539 Phoenissis
308 3488 453 3538 mulieribus
466 3489 566 3538 chorum
580 3487 768 3550 composuisset,
786 3486 926 3564 Aeschylus
940 3500 994 3533 eum
1007 3499 1096 3549 perso·

37 3573 124 3608 nerum
136 3556 259 3607 delectum
272 3554 371 3619 fecerit,
384 3563 413 3606 ut
425 3557 485 3605 nihil
498 3556 548 3604 ad'
542 3555 672 3616 arnaginem
684 3553 817 3601 universae
831 3552 948 3616 civitatis,
961 3552 1096 3603 miserabili

36 3628 80 3676 illa
97 3626 168 3675 clade
187 3623 297 3675 funditus
310 3621 427 3686 afflictae,
446 3624 535 3672 deesse
552 3622 691 3672 videretur.
716 3620 828 3686 Denique
846 3619 1005 3686 peregrinum
1022 3622 1095 3671 etiarn

38 3695 159 3761 quendam
171 3694 281 3743 colorem
294 3707 342 3740 non
357 3691 436 3740 solum
449 3706 486 3756 τῳ
499 3683 571 3754 ἤθει,
564 3689 634 3807 ,daed
648 3687 1095 3821 etipmcfrplpp‘ipclappeggaetcepprlprpp

37 3761 382 3881 {gippelppoopppppppsppppttp
383 3772 709 3893 1ιιιιιιιΐιῗίιῃΡῗιἲξιιὶιὶιοιῐιιξιιιινῗιῖιιιι
722 3833 833 3876 nostram
846 3822 953 3874 fabulam
963 3827 1095 3875 transiisse

37 3901 160 3965 suspicor,
174 3898 239 3963 quod
251 3897 366 3959 ingentes
378 3894 509 3945 mulierum
525 3896 639 3961 planctus
656 3901 731 3960 atque
749 3893 900 3957 ejulationes
917 3893 1052 3943 identidem
1070 3899 1096 3942 et

37 3982 115 4032 paene
128 3966 201 4016 nimis
214 3979 289 4032 saepe
301 3968 477 4015 memorantur.
