2558 4530
411 344 452 394 θα
471 344 628 412 Aeschyli
645 343 763 395 Persis.
1085 340 1115 390 15

56 507 196 570 circuitus
210 515 405 590 proponatur,
421 517 451 572 et
466 511 595 590 singulas
612 517 713 590 gentes
729 509 758 570 in
773 528 808 570 eo
824 509 951 570 maximo
968 528 1034 571 cum
1051 515 1115 570 stu-

56 594 106 655 dio
128 603 283 675 occupatas
308 596 421 670 videas,
444 604 477 657 ut
495 597 634 675 longaeva
654 595 803 675 majorum
829 594 970 657 memoria
995 594 1116 674 repetita

55 679 215 758 inquirant,
231 681 331 760 ecquis
347 681 460 761 primus
475 682 651 761 primitivam
667 681 755 755 iilam,
777 699 833 759 qua
855 698 958 741 omnes
981 680 1115 741 homines

55 772 160 826 natura
175 772 320 839 tenentur,
335 767 505 828 affinitatem
520 767 686 841 turbaverit,
708 773 737 826 et
757 765 823 844 quis
838 765 1024 839 terribilium,
1044 784 1117 844 quae

56 867 139 912 nunc
151 853 291 930 utrinque
305 853 424 925 instant,
440 852 628 914 conflictuum
644 859 673 913 et
692 850 864 930 iniuriarum
884 850 999 931 primus
1016 858 1118 912 auctor

57 935 211 997 exstiterit.
235 937 301 1010 Quo
317 938 438 999 consilio
454 938 559 1000 ductus
573 957 636 999 non
648 937 738 998 modo
751 936 879 998 nobilem
895 936 973 997 111333
985 936 1117 997 11313333-

57 1039 126 1081 rum
142 1020 280 1085 adversus
296 1023 439 1103 Troianos
454 1024 670 1103 expeditionem
681 1024 741 1096 ⁴⁷),
758 1021 809 1083 sed
824 1023 1006 1101 Argonautas
1021 1021 1118 1095 etiam,

58 1113 88 1166 et
108 1105 204 1185 ipsam
224 1107 328 1169 avitam
349 1109 414 1171 lum
435 1110 571 1183 arcessit,
593 1126 646 1189 per
664 1126 751 1188 quam
784 1109 915 1187 primum
936 1107 1024 1169 simul
1045 1125 1118 1186 pro-

56 1190 250 1270 pinquitatem
264 1200 295 1254 et
307 1193 488 1257 inimicitiam
499 1195 556 1257 sibi
567 1213 635 1256 cum
651 1193 786 1256 Barbaris
805 1193 1006 1255 intercessisse
1024 1194 1117 1271 tinge-

57 1277 127 1338 bant
142 1277 251 1341 Graeci.

489 1471 683 1480 mu„

532 1687 600 1750 Cae.
614 1687 650 1749 Π.

144 1787 208 1850 Jam
225 1787 326 1850 hocin
340 1788 406 1850 loco
421 1788 588 1864 videndum,
604 1789 695 1870 quadis
709 1790 798 1853 fuerit
811 1789 969 1870 Aeschylus
983 1788 1014 1850 in
1030 1787 1116 1849 certis
1130 1807 1156 1846 cr

56 1870 115 1932 illis
130 1871 203 1937 ideis
218 1874 337 1952 tragicis
352 1894 385 1936 33
400 1894 442 1947 33,
458 1894 533 1955 quae
544 1876 700 1938 Persarum
715 1876 828 1938 fabulae
844 1876 979 1938 materies
995 1882 1049 1945 est,
1066 1893 1120 1934 33-

57 1959 230 2036 primendis.
261 1960 325 2033 Qua
340 1960 370 2021 in
385 1979 418 2022 re
433 1979 494 2022 uon
509 1961 538 2023 id
554 1961 625 2022 mihi
641 1961 717 2034 volo,
734 1970 766 2022 ut
779 1962 962 2041 frequentem
978 1960 1074 2031 abeo,
1090 1965 1120 2019 et

57 2045 189 2106 33313313
200 2045 326 2124 tragicis,
339 2046 462 2107 deorum
475 2053 504 2107 et
515 2046 676 2108 divinarum
689 2065 788 2108 rernm
797 2045 1120 2116 commemorationem,

54 2128 99 2189 331
115 2130 221 2192 multas
237 2131 331 2192 bonas
346 2132 506 2194 sententias
518 2131 676 2206 immixtas,
692 2133 800 2212 quibus
812 2139 991 2212 spectatores
1004 2128 1039 2192 ad
1053 2147 1118 2189 om-

55 2231 125 2275 nem
145 2215 283 2277 virtutem
307 2217 425 2279 excitari
445 2218 572 2297 possint,
588 2253 631 2262 —-
649 2225 683 2279 ut
701 2219 765 2279 13113
787 2218 823 2279 ab
844 2238 879 2279 eo
901 2219 1022 2296 exigam.
1052 2214 1119 2274 Non

56 2300 141 2360 decet
155 2307 258 2380 poetas
274 2302 432 2380 magistros
447 2321 513 2362 esse
528 2303 606 2376 velie,
628 2304 741 2364 31133331
757 2303 877 2382 piurimi
892 2303 962 2376 sint,
985 2301 1034 2380 qui
1053 2299 1120 2361 13113

58 2383 96 2443 ab
112 2384 148 2444 iis
165 2385 331 2462 efflagitent.
361 2387 469 2447 Verum
490 2386 552 2447 11133
569 2387 759 2464 cogitationes
775 2389 850 2460 dico,
871 2395 957 2466 atque
975 2387 1019 2448 1113
1035 2385 1119 2464 prin-

60 2467 151 2546 cipia,
172 2476 205 2529 ut
221 2469 353 2529 scholam
368 2477 465 2541 tuear,
489 2477 619 2540 aeterna,
640 2489 766 2548 quornm
785 2472 958 2549 primarium
978 2471 1047 2531 iliud
1066 2477 1120 2542 est,

60 2571 121 2632 quo
130 2552 333 2614 necessitatem
347 2555 492 2632 quandam
501 2553 637 2627 divinam,
648 2555 738 2634 legem
750 2555 877 2616 divinam
889 2555 919 2616 iu
928 2555 1016 2616 rebus
1024 2556 1122 2616 inesse

58 2637 237 2712 affirmatum
260 2657 332 2718 quae
347 2639 432 2700 sicuti
447 2639 538 2712 omni,
555 2658 611 2718 qua
627 2638 728 2702 Graeci
742 2640 771 2701 13
783 2640 871 2702 rebus
883 2641 1019 2703 humanis
1032 2647 1118 2719 atque

59 2723 165 2784 divinis
177 2723 351 2803 judicandis,
371 2725 402 2784 in
417 2723 570 2785 sentiendo
586 2725 711 2805 denique
731 2727 807 2787 etin
827 2727 939 2806 agendo
956 2726 1119 2800 utebantur,

58 2809 177 2883 rationi,
193 2818 222 2871 et
237 2809 318 2871 omni
334 2828 437 2871 eorum
453 2809 534 2883 vitae,
549 2810 588 2872 113
604 2810 728 2873 31311333
743 2811 877 2875 instituto
890 2814 1014 2874 maxime
1031 2811 1119 2872 sube-

58 2902 134 2967 rant,
156 2895 234 2973 quod
258 2895 355 2957 omnis
375 2895 448 2957 vitae
469 2893 593 2957 Graecae
614 2904 643 2958 et
662 2898 899 2976 splendidissima
925 2906 954 2959 et
978 2914 1118 2977 praesen-

59 2981 174 3041 tissima
190 2981 285 3058 imago
301 2989 369 3054 erat,
383 2981 558 3059 tragoediae,
576 2981 635 3056 1311,
650 2983 742 3062 quolis
763 2984 889 3063 antiquis
911 2984 1029 3044 Graecis
1049 2988 1119 3042 erat.

57 3065 152 3143 Igitur
162 3066 276 3146 juvabit
290 3066 326 3126 de
342 3065 398 3126 11113
410 3065 482 3127 ideis
497 3067 594 3146 paullo
610 3069 695 3129 altius
711 3071 873 3131 orationem
889 3077 1030 3148 repetere.

146 3151 232 3224 Quod
248 3158 351 3212 natura
365 3152 406 3224 fit,
422 3151 450 3211 id
466 3151 509 3212 133
525 3153 715 3231 3311133148).
741 3155 790 3217 1113
806 3155 944 3216 naturalis
954 3150 1113 3215 necessitas
1125 3171 1151 3212 ce

60 3271 263 3278 ..om—Q..-

129 3316 171 3382 47)
185 3314 222 3368 Cf.
231 3335 291 3398 ,rep
304 3320 328 3370 4.
345 3315 404 3372 sind
418 3315 518 3372 codron
536 3323 561 3386 (1.
575 3340 597 3373 e.
611 3322 641 3373 eb
655 3340 685 3373 eo
699 3329 819 3405 tempore,
836 3340 884 3390 quo
907 3322 999 3372 Graeci
1016 3319 1120 3382 Trojam

62 3385 200 3448 diruerant)
223 3389 266 3438 331
287 3383 453 3456 ἡγήσασθαι
474 3387 548 3452 (τοὺς
563 3391 684 3460 Πέρσας)
701 3386 733 3440 τὸ
752 3385 905 3455 Ελληνικόν
927 3401 1028 3456 σφισιν
1050 3385 1120 3438 εἶναι

63 3452 210 3521 πολέμιον.
223 3485 257 3492 -
269 3456 330 3507 Nam
344 3457 436 3508 Pcrsac
454 3473 555 3508 snorum
570 3459 661 3520 Asiam,
675 3457 827 3508 Graecorum
841 3459 965 3522 Europam
983 3455 1119 3504 33333311-

62 3521 207 3581 trabantur3
221 3532 247 3575 et
259 3525 318 3576 item
331 3526 384 3575 sine
395 3526 469 3575 dubio
480 3525 580 3576 Graeci.
602 3526 683 3588 [Diod.
694 3522 1119 3590 Excerptgvatic.p.112.Coiicct.

63 3605 123 3641 nov.
139 3587 196 3640 Vol.
208 3590 239 3642 11.
256 3591 306 3646 τὸν
317 3588 370 3662 γὰρ
385 3590 513 3662 Τρωϊκὸν
525 3587 697 3660 πόλεμον-
709 3621 741 3629 -
755 3591 785 3644 ἰν
797 3591 818 3659 qi
834 3593 881 3655 τῆς
893 3585 1033 3656 Εὐρώπης
1050 3585 1122 3657 πρὸς

61 3655 113 3723 τὴν
123 3652 218 3710 Ἀσίαν
234 3657 471 3728 διαπολεμούσης,
488 3661 534 3711 καὶ
546 3661 603 3712 τῶν
614 3662 755 3728 μεγίστων
767 3657 891 3731 ἠπείρων
903 3655 974 3728 ὑπὲρ
987 3659 1034 3723 τῆς
1045 3661 1122 3722 νίκης

63 3725 377 3796 διαφιλοτιμουμένων1

129 3794 174 3859 748)
188 3795 255 3846 11333
268 3793 374 3845 formula
386 3793 467 3844 insius
479 3797 610 3847 tractanda
622 3803 649 3846 et
660 3792 832 3862 frequentibus
844 3799 994 3864 scriptorum
1006 3796 1121 3858 omnium,

63 3865 196 3932 pob'tarum
208 3864 315 3913 maxime
333 3864 752 3928 31311133331333313,433113333ἰὶ3
770 3867 889 3916 ssrruanda
909 3868 967 3929 erit,
990 3867 1011 3916 31
1028 3865 1122 3930 aliquid

63 3949 119 3983 curu
132 3947 162 3981 33
173 3931 234 3982 mibi
245 3932 329 3982 velim.
348 3931 500 3998 Quamquam
509 3947 540 3981 33
552 3933 585 3994 id,
598 3935 662 3998 quod
675 3933 810 3984 Veteribus
822 3932 900 3986 iatum
913 3949 970 3985 esse
979 3933 1121 3999 putabatur,

41 4013 43 4016 ’
63 4002 88 4051 13
101 4000 246 4053 universum
260 4000 349 4050 saltem
360 4007 419 4066 apte
431 4000 536 4068 exprimi
549 4001 662 4051 dixerim.
672 4029 706 4038 -
717 4001 833 4053 Ceterum
846 4000 1000 4055 3111133333
1013 4003 1043 4052 de
1056 3999 1123 4050 Tbe-
