2558 4530
473 377 585 430 Lesbio
604 379 770 430 historico.
1118 383 1150 432 3⁵

521 542 545 592 b.
564 542 729 595 Phoronis.

177 626 375 706 Apollodorus
391 643 483 706 genus
498 628 596 689 Inachi
612 636 641 690 et
656 629 807 691 Phoronei
827 628 865 689 ita
885 635 1002 703 tractat,
1022 637 1057 691 ut
1076 648 1150 709 quae

92 711 243 774 Boeotiam
261 719 395 792 spectant
409 712 520 775 fabulas
535 731 595 774 uno
611 722 714 776 tenore
729 720 886 794 proponat,
906 714 1048 792 Agenoris
1063 722 1150 793 atque

91 797 152 858 Beli
166 797 255 859 rebus
271 798 428 878 separatim
440 799 577 860 tractatis
611 799 646 859 In
667 817 726 878 quo
745 799 780 859 ab
803 798 951 859 Hellanico
971 799 1149 878 discrepasse
1164 819 1189 857 ω

91 883 214 956 videtur,
231 891 373 962 quantum
389 903 423 944 ex
437 883 607 962 fragmentis
626 884 748 946 iudicari
761 884 843 960 licet,
864 891 898 944 ut
918 884 967 964 qui
983 891 1151 962 temporum

93 969 202 1029 seriem
213 969 339 1030 maxime
355 976 471 1030 secutus
487 969 517 1030 in
529 970 630 1050 priore
639 969 819 1030 Phoronidis
832 968 907 1029 libro
919 969 1010 1046 egerit
1025 969 1060 1030 de
1071 970 1151 1030 Pho-

92 1052 264 1115 ronidarum
279 1061 364 1135 atque
375 1055 563 1133 Pelasgorum
578 1055 645 1116 fatis
659 1055 737 1134 apud
749 1056 854 1134 Argos,
869 1054 900 1115 in
911 1053 1062 1116 Thessalia
1073 1055 1151 1116 aliis-

91 1155 149 1217 que
164 1138 347 1217 regionibus,
368 1139 497 1219 itemque
512 1140 547 1201 dc
574 1140 737 1219 originibus
765 1158 865 1202 earum
887 1139 1020 1214 urbium,
1042 1158 1151 1219 quaea

88 1223 218 1302 Pelasgis
232 1232 314 1304 repet
301 1225 451 1298 t,ebantur
471 1226 597 1287 maxime
623 1227 658 1287 de
683 1225 793 1287 Thebis
813 1225 960 1302 Cadmeis3
985 1226 1151 1305 posteriore

88 1327 157 1370 vero
173 1308 247 1371 libro
264 1310 440 1372 enarraverit
427 1311 564 1372 tfabulas
581 1311 618 1372 de
632 1311 765 1373 Hercule.

176 1394 259 1456 Unde
278 1414 403 1457 exorsus
422 1395 461 1456 sit
478 1396 585 1456 librum
605 1395 736 1473 priorem
756 1401 835 1473 patet
850 1413 885 1455 ex
901 1393 999 1455 Schol
1014 1394 1046 1455 D.
1067 1415 1094 1476 γ,
1110 1396 1150 1454 75

87 1468 203 1552 Ἴασος
224 1474 283 1541 καὶ
309 1474 481 1582 Πελασγὸς
507 1473 643 1582 Τριόπα
668 1476 789 1553 παῖδες
803 1474 1065 1581 τελευτήσαντος
1092 1471 1152 1540 αὐ-

90 1562 163 1637 τοῖς
183 1560 241 1624 τοῦ
263 1559 412 1666 πατρὸς
412 1556 575 1626 διείλοντο
596 1559 656 1647 τήν
676 1555 850 1645 βασιλείαν
870 1559 949 1638 κτλ,
972 1562 1022 1624 ubi
1048 1563 1153 1625 citatur

92 1647 210 1726 quidem
232 1639 314 1710 EAA.
341 1643 375 1711 ἐν
395 1640 615 1731 Ἀργολικοῖς,
645 1650 697 1710 sed
721 1668 823 1711 rerum
848 1655 1016 1710 contextum
1044 1648 1153 1710 indicat

90 1732 224 1793 Eustath
240 1733 276 1794 ad
292 1734 417 1795 eundem
431 1734 570 1815 locump.
581 1734 642 1795 385
658 1750 742 1820 φησι
733 1728 795 1796 δὲ
819 1724 903 1795 ἫΕλλ
920 1730 1047 1831 παῖδας
1065 1732 1152 1814 τρεῖς

90 1810 269 1899 Φορωνέως
283 1813 443 1899 γενέσθαι
457 1815 525 1880 κτλ.
553 1819 644 1881 Partit
632 1828 680 1881 tur
690 1820 915 1900 Peloponnesus
927 1820 1063 1898 superior
1075 1821 1152 1880 inter

88 1903 165 1964 filios
178 1903 348 1965 Phoroner2
356 1907 395 1981 2γ
409 1904 575 1982 Pelasgum,
591 1906 697 1980 lasum,
714 1906 889 2006 Agenorem.
915 1905 1038 1983 Pelasgo
1051 1904 1150 1966 obtin

88 1988 131 2085 git
146 1988 282 2063 Arcadia3
305 2007 364 2068 quo
380 1990 566 2051 referendum
582 1997 669 2070 caput
683 2010 763 2071 περι
753 1981 966 2070 Ἀρκαδίας,
990 1989 1071 2049 cuius
1087 2007 1151 2049 me-

87 2073 175 2134 minit
162 2074 287 2135 tSchol
303 2073 475 2154 Apollon.,l
498 2075 567 2150 162,
583 2076 745 2155 eodemque
759 2081 805 2136 ret
792 2075 907 2136 tulerim
924 2072 1151 2152 quaehahentur

88 2159 167 2237 apud
183 2158 308 2220 eundem
323 2160 359 2220 ad
374 2161 428 2239 Ap.
441 2160 464 2234 l,
484 2160 556 2222 769.
579 2161 718 2241 Sequitur
730 2167 899 2240 excerptum
911 2158 1015 2231 maius,
1031 2158 1150 2219 maximi

87 2243 159 2304 illud
174 2243 209 2304 ad
225 2244 461 2324 antiquissimam
477 2243 613 2306 Graeciae
627 2246 802 2307 memoriam
817 2244 974 2317 momenti,
995 2244 1031 2304 de
1049 2242 1151 2304 Pelas·

89 2346 197 2405 gerum
211 2329 242 2389 in
257 2329 437 2390 Thessaliam
453 2330 645 2407 profectione,
665 2331 744 2392 unde
758 2348 861 2391 rursus
878 2329 990 2424 expulsi
1005 2347 1058 2406 per
1073 2328 1150 2389 Deu-

92 2411 257 2472 salionem
249 2420 321 2473 rnt
294 2413 321 2473 It
322 2413 405 2472 aliam
420 2414 601 2475 transferunt
588 2420 647 2485 t‚ur
665 2414 716 2474 uhi
731 2413 889 2513 Tyrrhenia
909 2415 1038 2513 primum
1058 2411 1132 2474 ab
1114 2432 1150 2473 ns

91 2494 244 2571 incolitur,
267 2514 293 2556 v
312 2496 432 2599 Dionys.
452 2497 516 2556 Hal.
537 2496 624 2557 Arch.
647 2498 733 2557 Rom.
749 2497 774 2569 l
797 2497 838 2557 28
863 2489 1052 2569 Ἑλλάνικος
1074 2488 1150 2557 δδὸ

91 2574 249 2684 Λέσβιος
269 2576 347 2654 τούς
373 2574 555 2684 Τυρρηνούς
577 2597 663 2665 φησι
688 2575 883 2683 Πελασγοὺς
909 2573 1070 2663 πρότερον
1091 2600 1151 2640 κα-

88 2660 279 2769 λσνμένοος,
308 2659 429 2768 ἐπειδη
455 2659 703 2768 κατῴκησανέν
721 2657 859 2749 Ἰταλίην,
887 2653 1134 2768 napalopezv‘*
1111 2686 1152 2748 ην

89 2767 205 2815 εοοσι
227 2743 465 2848 προσηγορίαν.
491 2742 559 2829 ε’χει
582 2745 620 2813 δε
642 2742 793 2835 αοτῷν
758 2744 793 2814 ἐν
784 2743 980 2853 Φορωνίδι
1009 2770 1027 2812 ο
1047 2744 1150 2854 λόγος

89 2742 169 2898 fio·
120 2833 169 2898 δε·
191 2855 269 2913 ,τον
255 2832 465 2940 Πελασγοῦ
486 2855 543 2898 τοο
528 2829 730 2939 βασιλέως
753 2826 859 2898 αοτῶν
881 2830 939 2897 καί
962 2827 1150 2909 Μενίππς

88 2917 147 3006 τῆς
168 2918 313 3024 Πηνειοῦ
333 2915 461 3025 ἐγένετο
485 2915 657 3026 Φραστωρ,
680 2918 739 2983 τοῦ
761 2914 800 2983 δὲ
821 2912 1002 3024 Ἀμύντωρ,
1028 2917 1088 2982 τοῦ
1073 2856 1150 3019 ίλὲ

93 3000 332 3110 Τευταμίδης,
329 3007 391 3068 τοῦ
413 3001 452 3069 δε
473 3003 594 3080 Νάνας.
622 3001 682 3069 ἐντί
707 3001 826 3069 τούτου
832 2999 1087 3109 βασιλεύοντος
1115 3024 1149 3066 οι

87 3082 297 3172 Πελασγοί(
277 3083 332 3188 αφ’
350 3082 518 3195 Ἑλλήνων
539 3083 733 3195 ἀνέστησαν
741 3086 800 3153 καί
826 3085 887 3152 ἐπὶ
913 3087 1056 3192 Σπινῆτι
1083 3108 1150 3151 ετο-

87 3173 186 3258 ταμῷ
217 3170 251 3238 ἐν
281 3173 331 3259 τῷ
339 3167 453 3280 Ἰονίῳ
476 3170 617 3281 κόλπῳ
615 3197 674 3250 τας
695 3197 774 3278 νηας
795 3169 1035 3248 καταλιπόντες
1049 3169 1150 3276 Κρό-

88 3281 177 3323 τωνα
202 3254 350 3324 τάλαν’
334 3281 368 3323 εν
394 3254 555 3345 μεσογείῳ
585 3248 672 3323 εἷλον
701 3257 760 3324 καί
786 3251 983 3323 ἐντεῦθεν(
966 3253 1151 3340 ορμώμενοι

89 3342 147 3443 την
166 3342 221 3408 νῦν
242 3341 442 3431 καλουμένην
467 3338 681 3432 Τυρρηνῶν’
668 3336 834 3408 ε’κτισαν“
878 3345 934 3406 Ubi
954 3344 1034 3404 vides
1053 3344 1148 3404 Hella-
1163 3363 1189 3402 rs

89 3432 189 3492 nicum
205 3449 354 3512 opponere
368 3433 545 3493 Hellenesh.
561 3450 586 3492 e.
603 3449 696 3510 genus
711 3430 896 3493 Deucalionis
917 3435 946 3489 et
960 3428 1098 3505 Pelasgos
1120 3429 1148 3490 h

90 3535 116 3578 e.
129 3534 219 3595 genus
232 3516 455 3591 Phoronei²³l3
471 3535 539 3578 nam
550 3515 707 3577 Deucalion
720 3534 787 3576 cum
794 3513 963 3575 Hellenibus
975 3511 1036 3573 suis
1047 3513 1148 3575 Pelas-

89 3621 144 3682 gos
159 3621 194 3664 ex
209 3602 360 3665 Thessalia
375 3600 467 3675 eiecit,
490 3601 570 3680 quod
584 3606 721 3661 narratur
735 3600 811 3679 apud
823 3600 942 3679 Dionys
958 3600 991 3660 A.
1007 3599 1042 3658 R
1058 3599 1079 3673 l,
1099 3601 1148 3673 17,

158 3770 199 3835 22)
219 3770 255 3820 De
268 3772 316 3821 hoc
332 3769 450 3820 similiter
466 3767 589 3818 iudicasse
602 3768 702 3819 videtur
719 3775 793 3833 atque
810 3767 899 3816 scribit
910 3766 1048 3817 Pausanias
1059 3766 1094 3830 ΙΙ,
1108 3767 1149 3829 15,

89 3840 105 3889 5
122 3837 232 3906 λέγεται
249 3835 343 3890 δὲκαὶ
361 3832 411 3889 ὅδε
427 3832 519 3904 λόγος
538 3837 674 3920 Φορωνέα
690 3834 721 3889 ἐν
736 3838 768 3900 τῆ
775 3853 822 3917 γη
839 3831 922 3905 ταύτῃ
941 3835 983 3915 (τη
997 3805 1149 3905 Ἀργολίδι)

89 3907 225 3975 γενέσθαι
238 3907 359 3977 πρῶτον,
373 3899 488 3972 Ἴναχον
499 3898 571 3955 δὲ’
541 3922 591 3956 ουκ
603 3901 703 3975 α’νδρα,
717 3887 815 3954 ἀλλὰ
794 3918 844 3955 τον
853 3897 985 3972 ποταμὸν
995 3905 1103 3972 πατέρα
1113 3899 1151 3953 εί·

90 3988 138 4027 ναι
151 3979 283 4042 Φορωνεῖ
292 3976 348 4025 κτλ.

159 4043 200 4104 23)
214 4042 291 4093 Dore
304 4043 430 4094 consentit
442 4041 585 4092 Herodotus
596 4041 615 4106 l
629 4041 662 4091 56
674 4057 720 4107 sq,
734 4042 778 4092 sed
791 4041 940 4091 omittuntur
952 4039 1058 4091 fabulae.

915 4122 948 4170 3*
