2558 4530
141 355 192 410 142
568 354 615 406 De
643 368 762 407 caussa

123 546 126 563 ε
224 509 411 572 haecomnia
423 509 448 570 si
461 509 558 571 auimo
572 509 783 588 complectaris,
800 508 879 569 vides
891 514 941 569 ant
951 507 1110 586 Boettigeri
1121 507 1181 568 illan

139 596 268 657 nominis
289 595 498 656 derivationem
518 594 688 655 mittendam
709 614 773 654 esse
793 601 820 654 et
840 593 924 654 aliam
944 593 975 653 in
996 594 1079 654 cultu
1094 593 1182 653 llianac

139 680 312 762 Caryatidis,
329 681 353 742 si
369 683 399 741 in
414 681 469 742 hac
483 680 528 741 via
543 679 701 758 persistere
717 680 817 752 libeat,
839 697 972 739 caussam
989 678 1183 757 quaerendam,

139 775 188 829 ant
207 768 243 827 ad
262 766 433 827 historicam
454 765 724 846 interpretationem
740 764 859 825 Vitruvii
878 764 1096 825 revertendum.
1125 762 1184 823 lllnd

138 852 235 913 moliri
254 852 338 912 video
355 850 522 922 Corellium,
545 851 593 930 qui
614 850 848 929 antiquissimum
868 849 1026 910 delubrum
1041 849 1146 909 Dianae
1158 867 1184 908 er

139 937 200 998 eins
221 937 347 1009 arboris,
368 955 455 1015 qnam
476 935 583 996 indicat
603 953 768 1014 cognomen
788 934 962 1014 Caryatidis,
982 934 1105 994 materia
1126 951 1184 994 con-

139 1029 282 1083 structum
296 1022 531 1100 eiusquetectum
544 1040 560 1080 a
572 1020 730 1098 virginibus
741 1019 974 1080 ministrantibus
986 1020 1097 1080 fultum
1107 1018 1185 1079 luisse

86 1124 127 1167 aaa
140 1107 380 1186 suspicatur¹²);
402 1124 577 1184 quamquam
595 1105 755 1183 simplicior
769 1106 842 1166 ratio
858 1105 947 1177 foret,
965 1105 989 1165 si
1006 1105 1126 1165 easdem
1139 1104 1185 1163 vir-

139 1193 232 1270 gines,
249 1210 322 1270 quae
333 1198 436 1269 postea
448 1192 569 1251 choreas
582 1191 733 1263 ducebant,
750 1198 904 1269 antequam
917 1189 1069 1260 saltarent,
1087 1187 1186 1250 solenni

138 1278 169 1338 in
184 1296 293 1356 pompa
308 1295 323 1336 a
337 1276 488 1355 Spartanis
501 1275 605 1354 Caryas
621 1276 721 1336 ductas
733 1276 974 1354 Canephororum
986 1275 1102 1336 vicibus
1113 1275 1186 1335 funo-

138 1369 183 1423 tas
196 1381 261 1423 esse
273 1362 418 1440 posueris.
447 1361 504 1422 Sed
515 1361 629 1421 videtur
641 1360 712 1420 mihi
723 1361 808 1421 etiam
821 1360 939 1421 Vitruvii
952 1361 1097 1434 narratio,
1109 1359 1187 1420 modo

138 1448 239 1526 paucis
255 1448 411 1508 mutaveris
425 1446 538 1519 tradita,
554 1446 743 1524 probabiliter
757 1465 847 1524 posse
860 1445 1009 1506 vindicari.

223 1532 267 1592 Ad
282 1532 387 1593 Persas
404 1532 545 1592 deiecisse
561 1530 666 1610 Caryas
682 1531 840 1591 absurdum
857 1537 914 1604 est,
933 1531 971 1590 ad
987 1530 1130 1609 Tegeatas
1145 1528 1188 1589 ad·

139 1616 261 1677 modum
282 1617 431 1696 probabile
450 1624 496 1677 est
514 1617 602 1692 idque
622 1617 696 1677 circa
717 1616 792 1675 idem
814 1616 897 1687 illud,
918 1615 954 1675 de
974 1634 1034 1694 qno
1051 1614 1188 1675 Vitruvius

90 1772 93 1779 Ι
138 1701 269 1778 loquitur
280 1710 309 1763 et
325 1720 383 1780 quo
396 1701 482 1761 etiam
498 1700 642 1779 porticum
656 1700 802 1761 Persicam
819 1700 999 1779 aSpartanis
1016 1700 1188 1760 aedificatam

137 1785 230 1847 fnisse
246 1786 453 1865 comperimus
469 1791 595 1863 tempos.
625 1785 730 1845 Narrat
744 1786 821 1845 enim
837 1785 995 1846 Pausanias
1007 1784 1079 1856 vlit,
1097 1786 1148 1858 45,
1166 1785 1188 1853 l,

139 1871 330 1950 Tegeatarum
342 1871 491 1947 regionam
504 1869 638 1947 primitus
651 1870 763 1930 vicatim
776 1871 932 1931 habitatam
946 1889 1021 1942 esse,
1034 1886 1190 1946 eorumque

138 1957 271 2016 vicorum
287 1974 378 2016 unum
393 1955 485 2015 fnisse
496 1953 600 2033 Caryas
612 1959 620 1994 ¹
632 1957 670 2029 ³),
686 1956 762 2033 qnod
775 1955 976 2016 testimoninm
993 1953 1109 2032 egregie
1124 1972 1189 2013 con-

139 2040 273 2101 firmatur
295 2042 349 2101 bac
373 2041 471 2118 glossa
491 2038 588 2099 Photii
609 2059 634 2098 v.
655 2034 846 2120 Καρυάτεια
860 2076 902 2085 -
917 2036 977 2112 τὰς
998 2033 1037 2101 δὲ
1060 2032 1190 2119 Καρύας

139 2116 309 2204 Ἀρκάδων
325 2115 425 2195 οὔσας
438 2115 642 2202 ἀπετέμοντο
654 2119 938 2204 Λακεδαιμόνιοι.
967 2124 1040 2184 lndc
1052 2123 1190 2201 colligitur

139 2209 297 2287 Caryarnm
307 2208 364 2268 iata
376 2208 615 2269 coniunctissima
626 2208 717 2269 fuisso
733 2229 799 2270 cum
816 2211 937 2271 historia
952 2209 1101 2270 bellorum
1116 2216 1190 2268 atro·

140 2293 328 2353 cissimorum
349 2300 378 2352 et
396 2293 517 2354 diversis
536 2295 720 2373 temporibus
743 2297 817 2355 inter
830 2294 1080 2355 Lacedaemonios
1095 2300 1124 2354 et
1138 2292 1191 2351 Te-

140 2384 235 2456 geatas
251 2386 412 2455 gestorum.
442 2378 491 2439 Sic
505 2399 540 2439 cx
555 2379 705 2440 Herodoto
720 2389 824 2440 notum
840 2388 885 2440 est
901 2380 935 2456 (l,
953 2379 993 2440 66
1010 2381 1083 2457 sq),
1104 2378 1191 2454 Spar-

28 2482 36 2487 ’
138 2471 224 2525 tanos
240 2472 448 2544 postmortem
462 2465 583 2544 Lycurgi
600 2484 665 2526 cum
679 2465 812 2542 Tegeatis
827 2465 956 2546 primum
971 2463 1095 2524 adverso
1107 2463 1191 2522 Marte

74 2554 77 2558 '
137 2548 273 2623 bellasse,
295 2551 413 2622 deinde,
434 2559 592 2628 postquam
613 2569 680 2610 ossa
701 2550 814 2610 Orestis
835 2552 865 2610 in
885 2568 972 2610 sunm
988 2568 1023 2608 ex
1038 2547 1188 2626 Tegeatico

138 2653 240 2711 agrum
255 2642 532 2713 transportaverant,
547 2634 666 2695 meliore
679 2653 833 2709 snccessu3
849 2635 1038 2711 eiusdemque
1050 2632 1118 2693 belli
1131 2650 1190 2692 mc-

139 2719 262 2778 moriam
283 2719 362 2796 apud
383 2719 525 2795 Tegeatas
545 2719 681 2778 floruisse
704 2721 862 2798 multisque
883 2718 1084 2779 monumentis
1103 2724 1191 2778 testa-

139 2801 283 2862 tissimam
298 2802 390 2862 fnisse
409 2803 536 2862 cernitur
556 2821 590 2862 cr
606 2803 749 2864 Pausania
769 2805 833 2884 (lll,
850 2804 882 2876 3,
900 2806 934 2878 ὃς
953 2806 986 2876 7,
1003 2803 1037 2875 3,
1058 2803 1139 2863 unde
1159 2801 1192 2861 de

139 2886 321 2965 temporibus
342 2885 404 2946 eins
423 2886 489 2946 belli
505 2885 663 2948 existimari
678 2897 788 2966 potest3
810 2890 882 2950 etin
898 2888 1120 2968 antiquitatibus
1136 2887 1192 2946 Te-

210 3120 250 3184 12)
270 3120 298 3171 L.
309 3138 330 3170 c.
340 3137 363 3186 p.
375 3120 423 3170 169
436 3138 449 3172 e
462 3122 530 3173 forse
543 3124 561 3172 il
573 3139 618 3173 sno
652 3123 677 3175 ih
688 3126 771 3176 antico
786 3128 876 3193 tcmpio
889 3128 937 3177 ele
951 3127 1057 3192 scolpitc
1067 3125 1193 3187 Cariatidi,

140 3190 185 3239 che
198 3204 229 3238 na
242 3197 409 3239 sosteuevano
421 3192 455 3254 gli
468 3193 615 3255 architravi,
628 3141 717 3242 throno
731 3196 755 3243 di
768 3195 824 3260 quel
837 3196 970 3244 medesimo
984 3195 1069 3257 legno,
1083 3197 1107 3244 di
1121 3195 1159 3243 cni
1172 3193 1193 3242 la

139 3258 243 3320 regione
255 3258 407 3308 ahhondava.
433 3261 468 3309 Da
482 3261 577 3323 origine
588 3262 641 3310 eius
652 3263 734 3311 cultus
746 3279 770 3312 v.
782 3263 855 3312 Serv.
868 3265 898 3312 ad
912 3262 1000 3325 Virgil.
1011 3263 1066 3312 Ecl.
1079 3259 1143 3321 vill,
1156 3259 1193 3324 30,

139 3326 204 3374 unde
221 3327 345 3389 cernitur,
363 3329 426 3391 quod
445 3329 519 3377 etiam
538 3329 561 3378 in
580 3329 755 3379 saltationibus
774 3331 933 3396 Caryatidum
950 3346 1099 3394 expressum
1116 3327 1192 3378 luisse

139 3395 243 3458 scimus,
262 3396 324 3444 banc
341 3396 486 3457 religionem
499 3397 593 3445 Dianae
606 3398 699 3462 aliquid
714 3398 824 3446 bacchici
837 3397 929 3447 luroris
947 3399 1078 3459 habuisse,
1097 3406 1123 3448 ct
1136 3397 1191 3446 Vct.

138 3462 229 3528 interp.
243 3462 309 3512 Stat.
322 3462 400 3512 Theb.
414 3462 460 3528 lV,
478 3464 541 3514 225:
559 3463 656 3530 Caryae
674 3466 791 3529 templum
808 3467 900 3515 Dianae
917 3467 942 3514 in
960 3466 1068 3515 Laconia
1088 3479 1192 3525 sacrum,

139 3530 204 3593 qnod
221 3531 296 3581 ctiam
313 3532 455 3596 Caryatium
474 3528 666 3601 (Kapoolcacov)
685 3534 835 3582 nominatum
853 3541 893 3584 cst
910 3549 942 3582 ex
958 3535 1003 3583 bac
1020 3549 1105 3583 causa.
1134 3532 1192 3581 Com

138 3596 256 3647 luderent
272 3600 395 3661 virgines,
412 3601 541 3649 minitante
559 3602 630 3649 ruina
647 3601 690 3660 (al.
703 3602 837 3650 meditatus
850 3603 954 3663 ruinam)
973 3603 1052 3650 omnis
1065 3603 1157 3651 chorus
1169 3601 1192 3648 in

139 3665 253 3714 arborem
270 3668 341 3714 nucis
354 3663 416 3727 sugit
429 3674 455 3716 ct
468 3668 491 3715 in
505 3682 573 3715 ramo
587 3670 640 3717 eius
655 3670 784 3733 pependit,
803 3685 873 3735 quam
891 3686 978 3720 nucem
992 3669 1082 3720 Gracci
1100 3683 1192 3735 caryan

139 3739 239 3781 vocant.
264 3733 332 3795 Ergo
345 3734 375 3781 da
387 3734 477 3783 arbore
490 3742 516 3783 at
528 3737 645 3800 templum
659 3744 684 3786 ct
697 3738 741 3785 dea
756 3753 842 3786 nomen
856 3739 960 3803 accepit.

149 3860 156 3878 ,
210 3798 249 3875 ld)
270 3799 404 3876 Tapanitai
416 3798 447 3850 dl
460 3799 508 3851 ἐπὶ
519 3800 572 3869 μὲν
585 3800 724 3869 Τεγεάτου
742 3805 791 3854 τοῦ
803 3802 953 3861 Λυκάονος
968 3805 1002 3875 τῇ
1010 3802 1093 3872 χώρᾳ
1106 3802 1194 3872 φασὶν

139 3861 190 3914 an'
206 3882 290 3946 αυρου
307 3868 440 3947 γευέσθαι
457 3864 531 3938 μόνῃ
544 3865 575 3919 τὸ
588 3863 691 3938 ὄνομα,
706 3874 765 3928 τοῖς
776 3870 806 3923 δὲ
824 3869 989 3940 ἀνθρώποις
1004 3872 1073 3924 κατὰ
1089 3869 1195 3942 δήμους

139 3929 211 3983 εἶναι
222 3949 272 3988 τας
285 3935 413 3997 οἰκησεις,
427 3934 565 4004 Γαρεάτας
578 3938 623 3986 καὶ
636 3940 773 3995 Φυλακεῖς
784 3943 830 3990 καὶ
843 3939 992 4006 Καρυάτας
1004 3959 1032 3993 τε
1044 3942 1092 3993 καὶ
1101 3946 1193 4008 Κορυ-

138 4002 209 4063 θεῖς,
223 3998 261 4051 ἔτι
275 3998 306 4053 δὲ
318 4002 485 4070 Πωταχίδας
496 4005 540 4054 καὶ
553 4008 722 4077 Μανθυρεῖς
733 4010 779 4058 καὶ
792 4005 952 4076 Ἐχευήθεις
964 4018 1013 4060 etc.
