2558 4530
192 367 227 419 02
489 365 722 434 quaestiones
748 365 787 417 de
810 364 957 418 historia

151 536 175 576 τι
192 522 243 582 das
259 520 290 580 in
306 521 375 593 boc,
396 540 454 599 quo
472 521 617 599 significat
631 521 766 583 ordinem
783 521 818 582 ab
835 539 866 580 se
881 521 1030 580 inversum
1046 537 1128 591 esse,
1151 538 1206 598 555
1222 521 1248 581 in

190 625 222 666 re
241 624 329 666 nemo
350 605 431 666 facile
452 607 618 684 probaverit
637 606 779 666 rationem
796 605 847 665 viri
863 605 1042 676 doctissimi,
1061 604 1135 664 adeo
1152 607 1248 666 omnia

190 691 328 762 turbarit,
349 691 481 763 miscuit,
501 690 648 769 pervertit.
679 691 759 762 Quae
774 690 847 751 ratio
864 708 931 749 cum
946 689 1061 750 facilius
1077 708 1112 748 ex
1128 707 1246 768 compa-

189 775 301 837 ratione
317 774 464 834 editorum
481 794 548 835 cum
565 774 665 834 codice
681 776 819 852 cognosci
836 781 924 853 queat
935 793 1020 853 quam
1034 772 1172 845 describi,
1184 774 1245 836 bre-

188 860 260 920 viter
274 878 442 938 percurram
463 859 575 936 singula
590 859 697 936 capita,
718 859 870 938 completis
885 858 1061 920 variantibus
1075 859 1246 920 lectionibus

187 945 433 1024 fragmentorum,
455 944 600 1004 interdum
616 945 702 1004 etiam
717 944 899 1022 longioribus
914 944 986 1005 locis
1002 943 1123 1016 additis,
1143 963 1160 1004 a
1175 944 1245 1004 nel-

187 1031 258 1091 lrero
274 1027 422 1106 neglectis.

273 1114 306 1173 ln
332 1111 548 1190 prolegomenis
569 1111 718 1173 Rellrerus
745 1113 868 1173 eundem
897 1113 1029 1181 ordinem
1055 1119 1137 1173 tenet
1164 1130 1245 1190 quem

188 1216 298 1277 apogr,
315 1197 393 1274 quod
409 1197 496 1257 babet
511 1216 539 1276 p.
557 1195 683 1257 33-54
695 1215 767 1276 5555
782 1197 918 1276 leguntur
932 1216 978 1275 ap.
994 1196 1083 1256 nell.
1100 1215 1130 1275 p.
1144 1197 1245 1257 647-

188 1282 259 1342 673.
293 1280 326 1340 ln
346 1281 510 1358 fragmento
531 1281 689 1360 Hipparchi
709 1301 737 1360 p.
755 1282 816 1342 647
839 1301 939 1361 apogr.
963 1281 1036 1359 Hbg.
1063 1299 1105 1341 vs.
1129 1283 1139 1340 l
1163 1276 1245 1341 πολι)

188 1359 257 1448 γάρ.
287 1384 328 1425 rs.
350 1366 369 1425 2
392 1357 591 1446 ἄνθρώττοις
612 1357 695 1448 -ἡ
724 1361 827 1449 τέχνη.
877 1366 910 1426 ln
931 1365 1152 1427 delinitionibus
1176 1365 1244 1426 sub-

186 1450 374 1531 sequentibus
390 1471 418 1530 p.
436 1452 507 1524 647,
524 1451 564 1512 23
581 1451 616 1510 Η.
633 1470 692 1510 om.
708 1442 728 1533 ἡ
744 1447 813 1513 τοῦ.
842 1451 943 1511 Cetera
959 1451 1080 1511 adnotat
1095 1450 1161 1528 ipse
1171 1446 1256 1510 Beli-⁸

185 1537 273 1609 lienus
295 1536 434 1637 51138.
455 1571 497 1579 -
517 1555 546 1614 p.
570 1535 646 1607 652,
671 1535 710 1596 30
727 1535 761 1594 Η.
784 1528 1100 1614 ἀποτελεσματικόν.
1131 1534 1207 1606 653,
1227 1535 1243 1593 4

188 1612 258 1681 ἀπὸ
288 1616 460 1699 ασβέστον.
506 1615 705 1701 6οιατηρ5ῖ.
754 1621 788 1679 ll
811 1613 992 1702 κινουμένη.
1037 1620 1078 1679 25
1102 1615 1163 1679 διὰ
1184 1615 1243 1679 τῶν

187 1698 369 1786 πηδαλίων.
398 1704 473 1778 655,
495 1702 513 1763 3
529 1703 656 1778 βαῦνον.
686 1702 761 1775 650,
784 1703 821 1763 10
839 1699 946 1765 δεινὸν
967 1739 1008 1748 -
1031 1694 1144 1805 ἄνδρα.
1176 1704 1243 1778 660,

187 1789 227 1848 25
244 1783 347 1870 δηλοῖ.
381 1788 421 1846 27
438 1805 497 1846 om.
515 1779 673 1868 ἐχρήσατο
693 1794 722 1847 et
741 1806 795 1866 pro
813 1785 953 1869 διαιρῶν
967 1788 1055 1848 habet
1071 1785 1107 1848 de
1132 1778 1242 1848 αὐτῶν.

187 1872 259 1943 661,
275 1871 294 1930 2
309 1864 583 1950 μεταβάλλονται.
599 1907 641 1912 —·
657 1872 795 1951 Sequitur
809 1873 861 1932 llls.
878 1892 907 1951 p.
925 1872 1076 1945 55-50,
1092 1891 1139 1974 ap.
1156 1872 1243 1932 Β555.

185 1976 214 2036 p.
232 1955 308 2026 703,
331 1955 486 2016 24-708
512 1958 543 2015 Γ
542 1949 679 2037 ειοργίου
705 1953 765 2017 τοῦ
785 1959 1018 2039 Χοιροβοσκοῦ
1039 1976 1120 2038 περι
1140 1974 1245 2040 ττροο-

186 2033 345 2124 ῳδίαςῧ),
365 2060 452 2119 quem
468 2041 599 2118 sequitur
614 2040 644 2099 in
659 2041 711 2100 Ms.
726 2049 866 2102 tractatus
888 2041 1031 2120 incipiens
1047 2038 1112 2101 τῶν
1133 2036 1172 2102 δὲ
1192 2061 1245 2101 τε·

184 2118 377 2208 χνογροέφων
404 2115 436 2185 oi
464 2120 524 2203 μὲν
550 2117 619 2184 ἀπὸ
647 2119 745 2205 λόγον
773 2117 925 2206 ἤρξαντο,
954 2117 987 2188 oi
1016 2120 1053 2187 δὲ
1075 2117 1146 2187 ἀπὸ
1171 2117 1244 2209 ὅρον

186 2215 251 2281 etc,
270 2209 348 2287 quod
362 2209 510 2269 Belkerus
526 2209 627 2288 posuit
641 2229 669 2288 p.
686 2210 756 2270 730.
787 2211 818 2271 Si
835 2212 967 2272 ordinem
981 2210 1090 2272 codicis
1104 2212 1244 2290 sequaris,

185 2292 322 2353 videntur
335 2293 408 2353 baec
423 2293 554 2354 eiusdem
570 2294 768 2355 Choerobosci
785 2314 860 2369 esse,
876 2295 958 2356 cuius
973 2296 1094 2356 nomine
1106 2295 1244 2374 inscripta

185 2385 256 2438 sunt
267 2378 471 2439 antecedentia.
496 2379 864 2458 SequiturMs.p.60—82
876 2386 1015 2441 tractatus
1024 2380 1192 2460 Porphyrii,
1201 2398 1243 2458 ap.

184 2463 273 2524 Bell.
299 2484 327 2543 p.
355 2464 432 2536 675,
459 2463 630 2538 30-703,
657 2466 711 2539 20;
742 2465 848 2525 deinde
878 2465 930 2525 Ms.
957 2484 985 2542 5.
1007 2464 1140 2525 82-οΙ
1169 2458 1244 2544 περὶ

145 2561 170 2601 18
183 2545 386 2632 ττροσηιδιῶν
400 2543 457 2609 ναὶ
473 2539 587 2622 ἄλλως,
605 2568 651 2627 55.
667 2550 755 2609 3555.
774 2569 802 2628 p.
819 2549 1001 2622 700-720;
1016 2557 1078 2609 tum
1095 2550 1149 2610 Ms.
1164 2569 1193 2628 p.
1207 2548 1243 2609 02

184 2635 291 2693 -llll
321 2628 399 2714 περὶ
424 2626 548 2714 τέχνης,
570 2652 615 2710 55.
639 2633 728 2693 Bell.
750 2653 779 2737 5.
801 2634 877 2704 720,
901 2633 1052 2702 5-720,
1083 2634 1140 2694 nisi
1167 2633 1243 2712 quod

184 2725 254 2794 post
280 2717 365 2777 verba
392 2710 571 2797 προέκρινα
599 2706 639 2776 dv
664 2712 708 2798 μη
737 2737 822 2778 ειναι
850 2708 873 2800 ἢ
896 2713 996 2790 κακὸς
1019 2706 1104 2779 εἶναι
1127 2737 1156 2798 p.
1175 2718 1243 2789 726,

184 2801 204 2858 4
227 2800 315 2859 Bell.
337 2800 367 2858 in
387 2801 440 2859 lle.
458 2801 589 2877 sequitur
606 2801 718 2860 notatio
741 2802 837 2862 critica
853 2803 888 2862 de
909 2803 1021 2880 origine
1041 2803 1243 2881 grammaticae

184 2884 263 2944 etde
278 2883 418 2962 Dionysio
435 2884 556 2955 Thrace,
572 2902 659 2963 quarn
675 2885 824 2947 Beklerus
840 2889 940 2965 posuit
955 2888 985 2946 in
998 2888 1129 2965 margine
1141 2907 1171 2966 5.
1184 2886 1242 2948 672
1255 2914 1260 2918 ·

184 2975 213 3028 et
233 2967 308 3040 6733
329 2968 453 3045 denique
474 2968 526 3028 Ms.
548 2988 576 3048 p.
594 2968 635 3029 97
655 2970 799 3047 expositio
821 2971 998 3032 definitionis
1021 2972 1150 3044 Stoicae,
1173 2990 1242 3051 quae

184 3052 288 3129 legitur
313 3071 359 3130 ap.
378 3052 541 3112 Bellorum
562 3073 591 3131 p.
613 3054 671 3112 721
697 3055 726 3113 in
747 3057 884 3134 margine.
906 3092 948 3100 -
967 3056 1079 3117 Adiicio
1102 3056 1242 3117 lectiones

183 3136 326 3197 variantes
342 3156 370 3215 p.
384 3136 454 3208 723,
475 3138 522 3197 17.
539 3137 585 3198 18.
599 3137 671 3216 Hbg.
688 3130 721 3217 p]
736 3141 750 3199 1
768 3148 797 3200 ct
812 3141 852 3201 04
867 3137 925 3223 την
939 3134 1051 3224 τέχνην
1068 3137 1124 3223 τῆς
1142 3160 1241 3224 γραμ-

183 3223 334 3304 ματικῆς.
358 3241 399 3283 vs.
415 3222 465 3282 21.
482 3221 554 3301 Hbg.
571 3243 600 3301 p.
621 3225 633 3283 l
652 3215 819 3307 εὐεργέτης
838 3222 901 3286 τῶν
925 3220 1176 3304 παιδανομένων
1191 3245 1241 3305 γε·

250 3457 274 3519 8)
295 3458 355 3508 Cum
368 3460 472 3509 exordio
485 3457 516 3510 cf.
529 3462 590 3510 baec
603 3461 651 3511 Μ5.
664 3477 687 3526 p.
702 3460 762 3510 372:
776 3458 938 3529 ποσαχῶςη
953 3460 1119 3530 προσῳδία,·
1132 3463 1239 3530 τριχῶς.

182 3523 255 3584 πῶς;
268 3526 419 3606 προ5ῳδία
432 3528 477 3577 καὶ
490 3523 580 3588 τόνος,
594 3526 744 3597 προσῳδία
756 3530 803 3578 καὶ
815 3525 831 3594 ἡ
839 3533 1018 3597 χειρονομία,
1032 3529 1186 3598 προσῳδία
1198 3529 1239 3580 λέ-

180 3607 258 3674 γεῖαι
274 3593 319 3644 ml
335 3614 351 3659 η
369 3597 418 3676 ζοῦ
430 3591 559 3676 ἱόργάηου
576 3592 664 3676 φηιηή.
688 3597 734 3676 καὶ
754 3592 1025 3678 dllorffinp'oopd‘l'o
1042 3600 1152 3664 λέγεται
1164 3594 1240 3664 παρὰ

180 3662 1061 3797 {batt“ttt‘tttttllttlttltllllt‘{5ttttttatlfl
1075 3664 1241 3792 {bled}

182 3765 347 3873 ὀξύνεινῖκαὶ
359 3799 564 3876 μροηερισπᾶν
576 3792 591 3861 ἢ
610 3799 767 3877 περησττᾶν,
786 3780 1057 3873 προσιιρδίαλέγεται
1069 3753 1116 3850 adt
1130 3796 1213 3858 αὐτὸς
1224 3750 1239 3849 d

177 3876 322 3938 χαρακτηρ
334 3879 388 3914 των
400 3880 489 3916 τονων
501 3865 547 3914 καὶ
563 3880 616 3915 των
624 3881 737 3945 χρονων
748 3869 795 3917 καὶ
810 3869 865 3920 τῶν
877 3865 1054 3937 πνευμάτων.
1080 3867 1116 3918 Cl.
1128 3867 1240 3919 Cromeri

181 3929 276 3977 Auecd.
291 3929 372 3978 Oxou.
386 3931 443 3980 Vol.
454 3931 497 3993 lV,
510 3949 533 3998 p.
547 3931 596 3981 308
604 3948 666 3997 555,
679 3934 720 3983 ub1
732 3935 781 3985 alia
794 3937 933 3986 huiusmodi
947 3938 1119 4004 supplemento
1133 3937 1240 3987 collecta

181 4002 247 4044 sunt.
272 3996 317 4061 Α5.
331 3997 407 4047 nell.
423 4014 446 4062 p.
460 3999 518 4061 703,
531 3999 563 4048 25
576 4015 621 4064 pro
635 3996 727 4067 στόμα
740 4003 815 4055 scrib.
830 4004 968 4072 κροῦσμα.
