2558 4530
161 365 195 420 92
453 360 679 430 Quaestiones
703 360 741 413 de
765 359 917 414 historia

160 521 221 583 ludi
236 519 356 594 solebat,
371 521 434 599 ipse
445 518 577 597 praefixit
592 518 810 596 grammaticae,
827 518 886 578 sive
901 536 935 577 ex
950 516 1078 594 epitoma
1094 519 1169 591 eius,
1185 519 1219 579 ad

162 624 248 686 quam
274 604 432 666 Herodiani
457 603 629 681 prosodiam
655 602 826 664 catholicam
853 608 1064 674 coarctaverat,
1091 604 1218 685 praefixa

162 699 224 752 erat
243 690 280 751 ab
301 688 524 760 Choerobosco,
552 694 629 748 certe
649 706 767 760 eorum,
794 683 849 765 qui
865 687 1027 748 secundum
1047 687 1218 766 Dionysium

160 775 379 854 grammaticam
398 773 549 834 studiosae
563 774 769 852 Byzantiorum
789 772 930 833 iuventuti
950 772 1218 850 interpretarentur,

160 860 274 921 videtur
283 860 375 920 fuisse
386 858 608 936 antiquissimus
621 857 765 918 omnium.
792 857 878 929 Quod
891 857 926 917 ad
939 864 1034 916 cetera
1049 857 1113 917 eius
1131 876 1218 937 opera

160 945 277 1014 attinet,
304 945 384 1004 vides
410 961 445 1002 ex
465 942 595 1019 catalogo
617 959 719 1002 eorum
740 941 892 1002 delendam
914 959 979 1001 esse
999 942 1218 1018 grammaticam

162 1029 336 1100 Theodosii,
357 1034 512 1088 tractatum
527 1020 606 1106 περὶ
630 1019 706 1108 ὅρου
729 1033 797 1097 etc,
818 1026 854 1086 cf.
875 1044 964 1103 supra
988 1027 1056 1098 §43
1077 1025 1111 1099 83
1132 1026 1162 1086 9.
1179 1063 1219 1069 -

160 1113 233 1174 Vere
248 1112 379 1191 scripsit:
405 1113 433 1187 1)
450 1111 609 1189 epitonram
624 1110 796 1184 Herodiani,
816 1129 889 1188 quae
909 1109 995 1187 vulgo
1011 1109 1151 1171 tribuitur
1165 1113 1217 1171 dr-

162 1199 258 1271 oadio,
280 1217 307 1257 v.
330 1202 348 1272 ξ
365 1199 393 1256 5.
410 1196 442 1272 2)
464 1213 592 1256 canones
607 1193 770 1273 isagogicos
787 1196 823 1255 de
838 1194 961 1255 flexione
976 1194 1132 1256 nominum
1149 1196 1219 1256 suh

161 1282 352 1342 stantivorum
375 1287 460 1359 atque
475 1279 646 1352 verborum,
670 1298 745 1358 quos
765 1280 855 1339 edidit
869 1280 1017 1340 Belrlrerus
1033 1280 1142 1342 dneod.
1158 1281 1217 1339 Vol.

161 1366 207 1441 111,
224 1385 253 1445 p.
270 1365 483 1426 oro-1061:
500 1364 606 1443 quibus
622 1365 691 1425 item
708 1365 927 1442 grammaticae,
949 1382 1022 1442 quae
1037 1365 1073 1424 ad
1088 1364 1218 1443 Dionysii

162 1450 368 1529 compendium
387 1450 461 1511 tradi
478 1449 603 1519 solebat,
626 1449 849 1528 usurpationem
870 1448 984 1508 munire
1005 1455 1091 1526 atque
1114 1449 1217 1527 ampli-

160 1537 247 1596 ficare
267 1535 395 1596 voluisse
414 1535 562 1613 putandus
584 1540 637 1593 est.
668 1533 729 1593 Hos
750 1533 854 1593 deinde
875 1534 1088 1593 commentario
1105 1534 1217 1595 uberri-

161 1638 210 1679 mo
223 1620 362 1680 instruxit
373 1618 605 1689 Choerobosous,
620 1637 646 1676 r.
660 1619 748 1677 Belrh.
762 1617 870 1677 dneod.
887 1637 915 1696 p.
931 1616 1218 1694 1180-129614),

162 1704 244 1764 cuius
260 1711 381 1764 aetatem
398 1701 589 1779 Goettlingius
603 1701 750 1761 Theodos.
766 1721 795 1780 p.
811 1702 879 1764 Xlll
894 1721 929 1762 eo
945 1701 1055 1775 delinit,
1071 1704 1151 1781 quod
1167 1722 1217 1762 vo-

162 1795 245 1848 catur
264 1788 367 1846 doctor
389 1785 607 1858 oecumenicus,
635 1785 726 1846 Musei
753 1786 932 1847 oecumenici
958 1786 1102 1847 institutio
1124 1794 1218 1849 autem

163 1870 269 1932 abolita
285 1878 331 1931 est
344 1890 398 1950 per
412 1872 540 1931 Leonem
556 1871 705 1943 isaurum,
726 1879 759 1931 ut
777 1871 879 1931 vixerit
900 1877 966 1931 ante
986 1891 1010 1931 a.
1028 1871 1090 1932 730
1106 1891 1134 1950 p.
1152 1873 1217 1932 Chr.

162 1956 332 2018 Accuratius
351 1963 485 2034 tempora
504 1955 769 2034 circumscripseris
789 1955 871 2027 inde,
899 1955 977 2033 quod
1001 1956 1107 2016 citatur
1127 1956 1163 2017 ah
1184 1976 1218 2016 eo

163 2041 329 2121 Stephanus
351 2040 515 2121 Byzantius.
536 2060 582 2119 ap.
598 2041 688 2100 Rehlr.
704 2060 733 2120 p.
753 2040 848 2112 1201,
870 2040 908 2117 [in
930 2040 1057 2101 editione
1074 2040 1216 2101 Gaisford.

162 2145 190 2204 p.
207 2126 282 2199 326,
299 2128 327 2202 7)
345 2145 432 2204 quem
448 2125 670 2202 grammaticum
686 2125 928 2185 Westermannus
944 2143 1039 2203 nuper
1054 2125 1219 2185 verisimili-

161 2218 206 2270 ter
219 2211 333 2288 putavit
346 2210 453 2269 vixisse
468 2209 585 2278 ineunte
600 2215 630 2268 et
644 2210 741 2269 medio
758 2210 872 2270 saeculo
890 2216 987 2281 sexto,
1009 2210 1065 2270 sub
1081 2210 1219 2270 Iustinia-

161 2312 200 2354 no
218 2295 410 2372 imperatore3
431 2294 531 2371 Steph.
554 2293 586 2352 B.
609 2312 637 2371 p.
653 2295 684 2353 V.
702 2293 808 2365 Simul,
831 2312 896 2354 oum
917 2313 963 2373 ap.
979 2295 1068 2354 Reklr.
1089 2314 1118 2373 p.
1138 2294 1217 2355 1182

163 2378 204 2481 [in
219 2378 263 2438 ed.
280 2378 367 2439 Gaisf.
384 2397 412 2457 p.
429 2377 479 2451 29,
497 2378 515 2438 3
532 2377 624 2451 1191,
643 2379 690 2455 19]
707 2371 926 2460 μοναστήριόν
946 2373 1018 2439 ἐστι
1039 2375 1134 2461 παρὰ
1149 2379 1218 2452 τοῖς

162 2459 411 2544 Αλεξανδρεῦσι
433 2458 499 2524 κτλ.
523 2462 749 2525 Choerohosous
774 2464 810 2523 de
829 2462 902 2523 urbe
927 2464 1099 2524 Alexandria
1116 2464 1160 2524 sic
1175 2465 1218 2524 lo-

161 2557 279 2628 quatur,
300 2556 333 2610 ut
352 2549 487 2610 nondum
507 2549 565 2609 hoc
582 2556 715 2626 tempore
735 2568 751 2608 a
773 2548 925 2608 Saracenis
946 2556 1109 2627 expugnata
1129 2549 1219 2609 fuisse

121 2652 147 2692 so
161 2634 304 2706 videatur,
325 2634 505 2694 concluseris
526 2652 593 2694 eum
613 2633 719 2693 vixisse
736 2640 843 2692 antea.
861 2632 990 2708 63815).
1022 2634 1156 2694 Ceterum
1174 2632 1220 2693 hic

163 2736 280 2789 eorum,
301 2717 349 2794 qui
368 2717 488 2777 laetiora
507 2717 562 2777 ista
582 2717 699 2776 scholae
713 2717 886 2795 Byzantinae
904 2724 1037 2796 tempora
1053 2718 1217 2796 attigerunt,

162 2800 268 2880 quihus
287 2799 397 2860 multus
416 2800 452 2860 ab
472 2800 698 2878 imperatoribus
714 2801 812 2861 honor
825 2801 1001 2863 tribueretur
1015 2803 1218 2881 frequentissi-

161 2903 269 2962 moque
286 2884 389 2944 litteris
405 2884 531 2961 antiquis
547 2884 720 2946 bibliotheca
735 2893 859 2964 pateret,
879 2887 961 2947 facile
976 2887 1157 2949 novissimus
1172 2888 1218 2948 fu-

162 2969 225 3030 erit.
260 2967 409 3028 Successit
437 2967 540 3029 deinde
560 2988 593 3028 ea
613 2977 706 3041 secta,
728 2989 800 3048 quae
818 2971 890 3032 nihil
911 2979 1026 3050 praeter
1046 2972 1217 3051 Dionysium

161 3052 283 3124 tradere,
300 3052 371 3113 nihil
386 3052 443 3113 nisi
457 3054 674 3129 grammaticam
689 3055 907 3134 interpretando
924 3058 1116 3123 commentari
1131 3059 1218 3118 aude-

161 3137 246 3212 bant3
262 3155 319 3215 quo
335 3137 487 3198 referenda
503 3157 534 3199 ea
547 3139 681 3213 nomina,
702 3159 775 3218 quae
795 3150 966 3219 comparent
985 3142 1014 3201 in
1032 3141 1219 3202 Scholiorum

163 3221 332 3282 collectione
346 3222 537 3294 Belrlreriana,
559 3224 715 3302 dequibus
732 3226 898 3304 expositum
913 3230 990 3299 est§
1007 3228 1035 3285 7.
1066 3226 1218 3287 Diuturni-

163 3326 244 3368 orem
260 3306 461 3381 traditionem,
478 3315 632 3387 antequam
648 3310 683 3370 ad
699 3318 806 3370 certam
823 3310 951 3371 formam
967 3311 1083 3370 condita
1096 3320 1150 3382 est,
1166 3330 1218 3370 ex-

161 3400 243 3470 perta
254 3412 319 3454 esse
331 3392 480 3453 videbatur
491 3412 523 3453 ea
535 3401 673 3454 notarum
686 3394 846 3472 congeries
859 3412 933 3472 quae
945 3394 1021 3455 edita
1033 3404 1104 3455 esta
1117 3396 1219 3455 Goett-

160 3476 265 3555 lingio,
286 3499 311 3537 v.
333 3481 350 3551 ξ
373 3476 405 3550 8,
427 3496 514 3557 quam
536 3486 607 3557 post
625 3479 858 3558 Etymologicum
878 3478 1013 3556 Magnum
1034 3480 1219 3558 profligatam

178 3793 183 3803 Ι
225 3728 271 3806 1114)
291 3730 402 3793 [Georgii
412 3730 581 3780 Choorohosoi
593 3732 686 3782 dictata
698 3732 722 3781 in
733 3731 868 3782 Theodosii
881 3748 990 3783 canones
1003 3749 1110 3783 necnon
1123 3736 1219 3800 epime-

162 3808 231 3842 rrsmr
243 3811 266 3843 rn
278 3798 393 3859 psalmos.
412 3799 433 3848 n
447 3799 518 3848 codd.
528 3814 602 3849 macr.
616 3800 694 3849 edidit
704 3798 750 3848 Th.
763 3799 887 3866 Gaislord,
902 3800 932 3850 T.
945 3801 1017 3863 1-3,
1030 3802 1216 3865 0111111812.)

231 3862 271 3924 15)
290 3864 411 3915 Similiter
423 3867 447 3914 in
461 3866 572 3915 Crameri
581 3866 674 3916 Anecd.
685 3865 713 3932 ll,
724 3883 746 3932 p.
758 3867 806 3916 237
817 3863 957 3934 Adyerov·
972 3861 1059 3925 οὕτως
1068 3871 1176 3937 λέγεται
1186 3867 1216 3919 τὸ

163 3926 361 3998 ἱπποδρόμιον
378 3926 591 4002 Ἀλεξανδρείας.
620 3934 680 3983 lhid.
698 3949 721 3999 p.
737 3934 784 3984 188
802 3936 868 3986 inter
884 3936 932 3986 alio
945 3937 1043 3986 nomina
1056 3939 1217 4004 imperatoria

161 3997 279 4048 laudatur
290 4014 378 4048 nomen
389 3998 487 4049 lustini.
