2558 4530
188 378 222 430 86
487 373 715 442 Quaestioues
740 370 777 424 de
804 369 954 425 historia

143 547 148 553 ·
188 549 278 610 supra
293 529 480 609 pronuntiavi
495 530 743 601 confirmandum,
767 527 933 590 consultum
950 526 1067 606 quidem
1083 545 1100 586 a
1115 527 1246 589 Bekhero

188 634 253 676 esse
268 615 426 677 commodo
441 615 616 692 legentium,
631 614 784 674 historiam
800 630 868 673 vero
885 612 955 672 artis
970 611 1179 689 grammaticae
1194 613 1246 672 inr-

188 700 315 779 peditam
339 719 419 769 esse,
442 699 487 760 cui
507 699 556 777 qui
571 699 662 758 libros
678 697 886 776 grammaticos
902 696 1031 775 primum
1048 695 1140 756 edunt
1155 697 1246 776 pluri-

187 803 270 846 mum
289 785 461 862 prospicere
481 783 587 843 debent
607 790 635 842 et
653 800 732 843 nunc
750 781 812 842 fere
827 782 922 841 solent
941 781 1121 860 prospicere.
1154 781 1246 853 Quare

187 868 237 948 qui
251 869 456 947 Byzantiorum
478 866 682 928 successiones
703 866 865 927 accuratius
885 865 1022 944 persequi
1045 866 1135 938 volet,
1156 867 1182 926 is
1199 884 1245 926 co·

187 954 266 1014 dices
279 953 362 1014 adeat
373 969 494 1011 necesse
506 959 559 1021 est,
572 951 629 1012 nisi
641 951 745 1012 existat
753 951 799 1012 cui
810 950 894 1011 aliam
906 948 1037 1028 Dionysii
1049 949 1245 1012 scholiorum-

187 1057 243 1117 que
258 1037 320 1098 eius
336 1036 495 1096 editionem
511 1054 614 1113 parare
628 1055 718 1115 eaque
729 1035 758 1095 in
771 1054 802 1095 re
813 1035 967 1095 historiam
979 1035 1107 1095 maxime
1118 1036 1246 1114 spectare

188 1131 216 1182 et
229 1122 344 1182 codices
357 1121 547 1181 observanter
558 1121 640 1200 sequi
653 1121 801 1198 placuerit.
823 1120 903 1180 Dicat
915 1118 1017 1197 aliquis
1030 1137 1134 1198 parum
1145 1121 1245 1197 dignos

187 1225 253 1266 esse
267 1205 403 1265 homines
418 1205 502 1276 istos,
518 1205 739 1283 Melampodem,
756 1204 948 1282 Stephanum,
960 1203 1168 1283 Porphyrium,
1180 1205 1246 1264 Dio-

186 1291 312 1361 medem,
329 1289 434 1369 quibus
446 1296 557 1350 tantum
570 1309 676 1370 operae
687 1289 840 1350 tribuatur.
863 1288 931 1348 Mihi
943 1307 1029 1349 secus
1040 1289 1168 1361 videtur3
1181 1297 1246 1349 sunt

185 1373 239 1448 illi,
266 1375 378 1435 etiamsi
403 1375 578 1435 recentiores
598 1375 707 1435 fuerint
728 1372 898 1434 Theodosio
921 1380 1009 1450 atque
1029 1371 1243 1444 Choerobosco,

186 1467 283 1520 tamen
296 1459 464 1519 melioribus
474 1459 644 1538 disciplinae
652 1457 994 1536 Constantinopolitanae
1002 1457 1189 1536 temporibus
1197 1458 1244 1519 ad·

126 1567 128 1572 ·
185 1544 373 1617 numerandi3
390 1543 574 1620 multumque
585 1545 615 1603 in
630 1543 750 1603 scholiis
766 1560 868 1602 eorum
881 1541 1039 1614 doctrinae,
1050 1542 1161 1602 multus
1174 1542 1244 1603 anti-

187 1646 309 1706 quarum
321 1626 481 1688 litterarum
493 1646 566 1688 usus
577 1627 821 1705 deprehenditur3
836 1635 914 1686 certe
927 1626 1034 1686 mirum
1046 1633 1092 1686 est
1107 1635 1244 1705 quantum

186 1711 257 1772 haec
270 1711 380 1771 scholia
393 1711 502 1771 distant
512 1712 547 1771 ab
560 1712 605 1784 iis,
618 1730 691 1790 quae
700 1711 835 1771 extremis
847 1710 1052 1789 Byzantiorum
1061 1712 1244 1789 temporibus

188 1794 304 1854 condita
324 1813 390 1854 esse
406 1795 552 1866 videntur,
573 1804 730 1874 postquam
752 1802 911 1873 coeperant
929 1795 970 1855 nil
984 1794 1041 1855 nisi
1055 1794 1148 1857 Biblia
1163 1805 1245 1874 atque

186 1878 288 1939 Patres
303 1885 435 1952 tractare,
450 1879 643 1959 religiosaque
655 1880 870 1940 monachorum
883 1880 992 1940 desidia
1004 1880 1148 1958 neglectui
1160 1881 1244 1941 dede-

186 1970 231 2024 rat
251 1982 354 2024 omnes
370 1964 448 2037 illas,
470 1964 575 2042 quibus
597 1964 764 2043 superiores
780 1971 892 2026 tantum
908 1964 1003 2025 laetati
1019 1972 1115 2039 erant,
1136 1965 1244 2026 litteras

187 2048 386 2126 elegantiores.
418 2049 499 2109 hdde
514 2049 592 2126 quod
612 2048 858 2110 iucundissimum
874 2055 919 2109 est
933 2049 1040 2109 artium
1056 2049 1244 2127 philologica-

186 2151 252 2192 ram
269 2134 379 2193 cultum
395 2141 480 2212 atque
491 2134 645 2194 historiam
657 2135 743 2194 etiam
755 2152 809 2212 per
820 2140 948 2194 extrema
959 2133 1006 2194 illa
1019 2133 1157 2194 Graeciae
1168 2143 1243 2195 tem-

186 2234 260 2294 pora
276 2217 426 2294 persequi,
441 2217 492 2278 ubi
508 2218 761 2297 Constantinopoli
776 2218 961 2279 delitescebat
975 2217 1116 2297 quidquid
1132 2219 1243 2297 ignicu-

185 2300 281 2359 lorum
304 2301 429 2362 deformi
449 2302 503 2362 ista
525 2303 704 2387 antiquitatis
724 2303 807 2364 ruina
827 2303 961 2363 nondum
982 2302 1159 2364 exstinctum
1177 2313 1241 2372 erat,

186 2402 256 2444 mor
273 2386 372 2448 omnia
389 2386 556 2484 obsessura.

689 2568 751 2644 §8.

303 2703 344 2751 lle
362 2703 531 2752 Theodosii
549 2703 759 2766 grammatica,
778 2719 792 2752 a
812 2702 1011 2765 Goettlingio
1030 2703 1123 2753 edita.

270 2804 430 2864 Theodosii
451 2823 524 2881 quae
544 2804 648 2864 dicitur
667 2806 856 2881 grammatica
874 2805 947 2866 nihil
968 2805 1043 2866 aliud
1059 2815 1106 2866 est
1120 2808 1178 2868 nisi
1193 2808 1242 2868 aba

69 2958 72 2964 Ι
187 2887 367 2947 scholiorum
388 2887 418 2946 in
432 2887 603 2966 Dionysium
623 2888 742 2967 eiusque
762 2891 971 2969 prolegomena
992 2890 1108 2968 antiqua
1130 2892 1242 2953 avariis

186 2970 356 3032 doctoribus
371 2971 585 3032 elaboratorum
602 2972 747 3044 collectio,
769 2994 894 3053 quorum
909 2993 978 3053 pars
993 2975 1099 3054 legitur
1114 2976 1201 3038 etiam
1215 2977 1243 3036 in

186 3054 305 3115 scholiis
322 3056 493 3129 maioribus,
513 3076 529 3116 a
545 3057 674 3117 Behhero
692 3058 775 3119 editis
781 3105 789 3135 ,
813 3060 900 3120 altera
914 3078 983 3137 pars
999 3060 1068 3120 huic
1082 3061 1243 3122 collectioni

146 3160 172 3200 aa
186 3139 306 3219 propria
322 3147 374 3200 est.
403 3140 433 3200 Si
449 3151 601 3220 utramque
617 3142 816 3204 collectionem
829 3144 1052 3222 comparaveris,
1069 3144 1243 3207 Behkoriana

185 3225 210 3285 si
222 3243 284 3284 non
296 3225 453 3303 antiquior,
469 3233 498 3286 at
512 3227 654 3288 maturius
670 3227 800 3289 absoluta
816 3247 882 3288 esse
893 3228 1015 3301 videtur,
1032 3228 1242 3308 Goettlingiana

185 3330 200 3371 a
227 3309 387 3370 serioribus
413 3312 608 3388 grammaticis
634 3312 760 3373 multum
787 3309 959 3391 interpolata
985 3322 1071 3391 atque
1091 3323 1241 3376 coarctata.

185 3395 379 3472 Goettlingius
395 3395 425 3454 in
442 3395 587 3474 farragine
603 3397 657 3457 hac
672 3397 782 3457 edenda
799 3416 870 3457 usus
885 3405 930 3457 est
944 3398 1036 3458 Codd.
1053 3400 1144 3459 Paris
1162 3398 1241 3460 2553

184 3487 212 3538 et
232 3480 324 3539 2555.
356 3480 388 3539 ln
408 3481 472 3541 cod.
488 3481 591 3541 Hamb.
612 3500 673 3541 non
689 3482 786 3540 omnis
803 3481 948 3553 collectio,
969 3482 1020 3542 sed
1040 3484 1130 3544 multa
1151 3485 1241 3562 capita

184 3562 326 3640 leguntur,
343 3583 434 3642 eaque
448 3565 545 3624 forma
561 3566 672 3643 passim
685 3566 816 3644 pleniore
829 3574 913 3643 atque
924 3567 1134 3638 emendatiore,
1146 3575 1180 3628 ut
1191 3569 1241 3629 do-

185 3646 303 3707 lendum
325 3649 363 3708 sit
378 3648 582 3726 Goettlingium
605 3651 651 3708 his
672 3650 811 3710 subsidiis
834 3651 970 3712 caruisse.
1002 3651 1052 3712 Sic
1066 3652 1119 3712 Ms.
1136 3672 1166 3755 p.
1184 3653 1241 3713 295

185 3750 251 3790 cum
277 3732 468 3809 inscriptione
495 3729 574 3812 περὶ
604 3729 662 3794 τοῦ
694 3736 768 3807 πῶς
795 3729 976 3819 dorendorp
1006 3726 1024 3796 ὁ
1052 3728 1243 3821 ἄλφαβητος

183 3812 319 3889 leguntur
334 3817 435 3875 eadem
452 3835 525 3895 quae
537 3817 624 3877 habet
636 3818 828 3896 Goettlingius
842 3839 870 3897 p.
886 3822 976 3891 1-2,
997 3822 1044 3893 14,
1057 3822 1108 3881 sed
1120 3822 1242 3900 plenius.

185 3896 235 3995 §ic
258 3916 287 4000 p.
318 3901 344 3968 l,
365 3899 384 3958 6
397 3895 681 4001 η[Ι.ιστ)νεφιιὶπη]ἰ9η
710 3893 731 4004 q‘
760 3898 883 3984 φράσις
908 3902 967 3986 τῆς
988 3896 1161 4001 ἑρμῃνείας
1187 3902 1243 4003 τῆξ

185 3978 339 4063 εβραιδος
370 4003 409 4064 τῃ
443 3981 592 4066 ελληνικῃ
627 3981 797 4068 ὁιαλεκτῳ.
852 3992 887 4049 11
913 3983 948 4050 ἐκ
975 3990 1069 4050 deoc.
1117 3992 1157 4051 12
1185 4010 1242 4052 roc
