2558 4530
185 408 218 457 46
597 409 638 458 lle
656 406 822 458 hellanico

186 567 279 675 γόνῳ
292 569 405 636 δοῦλοι
412 568 710 678 Λακεδαιμονίων,
734 563 807 633 ἀλλ’
831 562 862 632 οἱ
884 565 1012 651 πρῶτοι
1025 565 1239 673 χειρωθέντες

184 655 250 720 τῶν
263 650 360 734 Ἕλος
381 655 442 762 τήν
452 652 602 723 πόλιν’
570 653 754 734 οικούντων,
778 647 824 730 ὥς
846 646 942 717 ditor
962 673 999 716 τε
1020 650 1145 717 πολλοὶ
1160 675 1237 753 μαρ-

184 742 335 827 τυροῦσιν
356 740 415 806 καὶ
433 737 515 807 ‘Ett
538 739 621 807 ἐν’
592 765 631 819 α,
655 761 714 838 qno
728 742 794 802 loco
811 760 835 801 sr
828 740 999 802 Atthidem
1014 740 1124 818 respici
1142 741 1238 802 existi-

185 850 314 903 memus,
334 848 476 892 numerus
497 848 604 909 corrup
606 837 654 890 tus
674 827 737 888 erit.
776 827 834 888 Sed
853 826 966 887 videtur
985 825 1125 905 peculiari
1151 827 1237 906 aliqua

185 915 434 978 commentatione
450 915 486 976 de
498 916 603 995 Sparta
614 914 760 991 rebusque
772 913 985 991 Spartanorum
998 911 1110 990 egisse,
1125 930 1187 991 quo
1202 912 1238 972 ia-

184 1002 266 1064 ciunt
281 1019 354 1080 quae
367 1002 503 1078 leguntur
517 1020 563 1106 ap.
580 1000 647 1062 Soh.
660 998 776 1060 Aristid.
792 997 914 1059 Panath
930 1015 959 1076 p.
969 996 1010 1058 83
1026 996 1070 1057 ed.
1083 996 1238 1058 Frommel

184 1082 243 1149 καὶ
270 1082 331 1167 γὰρ
364 1079 550 1186 Δωριεῖς’
540 1079 628 1159 ὄντες
655 1075 701 1163 (oi
696 1076 1006 1187 Λακεδαιμόνιοι)
1033 1077 1073 1144 τὸ
1098 1078 1239 1144 παλαιὸν

184 1162 492 1272 Πελοποννήσιοιἶ
472 1188 606 1271 οστερον
628 1163 790 1251 γεγόνασι,
814 1189 860 1243 ως
882 1161 1064 1240 Ελλάνικος
1078 1161 1175 1248 λέγει
1190 1161 1240 1228 καὶ

187 1247 285 1316 ἄλλοι
308 1249 429 1316 πολλοὶ
449 1253 514 1317 τῶν
534 1248 717 1339 ἱστορικῶν,
739 1255 818 1316 unde
833 1261 913 1333 patet
928 1251 1108 1314 hellanicum
1120 1253 1239 1314 Dorien-

187 1340 264 1400 sium
284 1340 473 1418 migrationes
495 1343 639 1421 sedesque
655 1342 784 1402 diversas
805 1339 937 1401 similiter
959 1344 1045 1416 atque
1064 1337 1135 1399 fecit
1148 1338 1239 1399 Hero·

187 1425 274 1486 dotus
298 1425 480 1505 explicuisse.
521 1429 558 1489 Et
579 1427 649 1488 dixit
671 1426 758 1487 etiam
781 1425 817 1486 de
843 1422 989 1505 republica
1016 1422 1238 1500 Spartanorum,

187 1530 273 1590 quam
293 1520 384 1573 totam
406 1513 561 1574 revocabat
575 1513 609 1573 ad
627 1530 727 1573 cascos
743 1511 810 1572 illos
826 1509 1009 1581 Heraclidas,
1028 1508 1240 1588 Eurysthenem

187 1604 272 1674 atque
288 1596 436 1669 Proclem,
456 1598 612 1698 castigatus
633 1604 788 1698 propterea
808 1594 843 1655 ab
858 1595 995 1673 Ephoro,
1016 1612 1042 1654 v.
1059 1593 1158 1655 Strab.
1175 1593 1239 1666 lllll,

187 1680 294 1759 ρ.366
305 1673 386 1739 ‘Ele
410 1675 470 1758 μὲν
492 1669 550 1741 οὖν
571 1672 780 1780 Εὐρυσθένη
784 1673 842 1739 καὶ
869 1672 1023 1780 Προκλέα
1052 1674 1140 1762 φησὶ
1169 1677 1240 1741 δια-

186 1699 287 1837 τάξαι
308 1759 367 1864 τὴν
382 1757 570 1825 πολιτειαν·
590 1755 780 1847 ,Έφοροςέ
798 1757 941 1847 ἐπιτιμᾷ
942 1755 1079 1866 φήσας
1085 1758 1240 1866 Avendo

188 1866 247 1929 pov
275 1843 334 1950 μὲν
360 1839 463 1909 odacri
488 1845 643 1952 μηδαμοῦ
667 1848 874 1952 μεμνῆσθαι,
907 1845 949 1908 τοὶ
977 1842 1027 1908 d
1011 1867 1137 1909 εκεινοο
1166 1840 1241 1931 ἔργα

187 1932 258 2007 τοῖς
278 1929 323 2016 μή
345 1927 572 2017 προσήκοισιν
594 1925 805 2010 ἀνατιθέναι,
835 1952 889 2013 qua
916 1935 946 1994 in
971 1952 1004 1994 re
1028 1940 1144 1994 tanturn
1171 1934 1242 1995 inter

187 2019 365 2080 recentiores
382 2019 464 2081 abest
479 2021 532 2081 Od.
549 2020 702 2081 Muellerus
717 2020 785 2080 llor.
801 2019 835 2093 ll,
851 2039 879 2098 p
896 2021 932 2080 15
949 2026 982 2080 ut
997 2020 1163 2080 consentiat
1177 2037 1241 2080 cunr

186 2105 317 2184 Ephoro,
333 2113 366 2165 ut
381 2106 575 2183 patrocinium
591 2105 730 2166 Hellanici
749 2104 920 2184 susceperit.
954 2103 1022 2165 Mihi
1040 2104 1148 2166 rectius
1168 2105 1241 2166 iudi·

188 2209 269 2251 casse
290 2190 405 2250 videtur
430 2191 642 2264 Dahlmannus‚
667 2189 811 2271 pigritiam
835 2190 979 2270 quandam
1002 2190 1110 2267 ingenii
1133 2189 1164 2252 in
1188 2191 1242 2250 hoo

188 2275 266 2335 cerni
288 2274 471 2350 existimans,
495 2278 570 2338 ultra
593 2277 691 2337 tritam
715 2275 852 2335 omnibus
876 2275 949 2335 viam
973 2275 1082 2336 conniti
1110 2276 1240 2336 nondum

187 2360 260 2433 ausi,
276 2368 309 2420 ut
323 2361 353 2421 in
368 2361 474 2423 fabulis
489 2361 679 2442 potissimum
694 2359 896 2439 fabulosisque
912 2360 1095 2439 temporibus
1110 2369 1240 2422 versatus

186 2445 272 2507 etiam
288 2446 416 2508 recentia
432 2467 466 2508 eo
481 2448 566 2509 voluti
582 2445 739 2508 removerit
757 2452 786 2506 et
806 2445 842 2507 ad
864 2446 989 2506 similem
1009 2445 1138 2505 indolem
1160 2447 1240 2507 intle-

184 2532 268 2605 xerit,
283 2534 410 2595 fortasse
423 2533 591 2613 dignitatem
607 2534 681 2594 adeo
698 2531 847 2611 quandam
862 2538 944 2593 ratus
964 2530 1032 2592 inde
1053 2531 1143 2592 rebus
1159 2531 1240 2592 novi·

185 2617 237 2679 ciis
252 2619 459 2681 adstruendam
475 2638 549 2680 esse.

538 2767 563 2816 b.
581 2765 723 2817 Aeolica.
741 2766 881 2818 Lesbica.

271 2868 480 2948 Antiquissima
502 2870 590 2931 Lesbi
610 2871 723 2934 colonia
743 2873 933 2968 Pelasgorum
959 2878 1032 2946 erat,
1056 2870 1105 2950 qui
1131 2872 1243 2934 Macare

187 2952 260 3014 duce
273 2961 430 3033 postquam
446 2973 480 3014 er
497 2954 638 3018 Graecia
631 2974 661 3017 m
676 2957 774 3018 Asiam
789 2956 969 3029 traiecerant,
985 2974 1051 3018 cum
1067 2956 1136 3016 alias
1153 2977 1190 3019 ex
1203 2957 1243 3019 vi-

187 3037 259 3098 cinis
274 3039 464 3118 Hellesponto
480 3039 599 3114 insulas,
618 3050 681 3103 tum
696 3043 825 3105 Lesbum
841 3048 1065 3138 occupaverunt,
1080 3059 1106 3099 v.
1122 3040 1241 3124 Dionys

187 3123 222 3183 H
237 3123 270 3183 A
285 3124 320 3185 R
337 3124 359 3194 l,
384 3123 432 3194 18,
448 3143 535 3204 quem
550 3127 704 3189 verisimile
723 3128 813 3189 estin
829 3128 875 3189 his
895 3127 978 3207 sequi
997 3123 1197 3201 Hellanicum3
1218 3146 1241 3188 r.

187 3227 324 3288 suprap.
344 3208 392 3269 16
421 3209 463 3269 Ex
477 3210 572 3272 Lesbo
589 3212 715 3273 derude
707 3231 737 3273 ιιι
752 3213 855 3274 Chium
871 3213 1007 3286 insulam,
1023 3211 1144 3271 Samum
1148 3212 1242 3285 ,Con

186 3293 324 3355 Rhodum
340 3293 462 3356 colonos
478 3296 587 3358 missos
604 3316 668 3357 esse
683 3297 816 3376 perhibet
829 3299 912 3359 Diod.
929 3300 959 3360 S.
976 3299 1008 3370 V,
1023 3297 1078 3358 81·
1071 3315 1153 3374 ,quo
1166 3299 1241 3359 rele-

147 3402 173 3441 29
186 3379 311 3441 rendum
326 3379 440 3440 videtur
453 3380 648 3484 fragmentum
661 3382 799 3445 Hellanici
815 3402 860 3463 ap.
873 3383 972 3445 Schol.
984 3381 1038 3441 Od.
1051 3382 1089 3455 θ,
1105 3381 1178 3455 294,
1193 3381 1241 3444 ubi

187 3464 292 3526 citatur
310 3457 345 3525 έν
365 3461 412 3548 τῷ
434 3484 513 3549 περι
531 3458 620 3529 Χίον
639 3460 790 3545 κτίσεως,
814 3469 850 3529 cf.
871 3469 939 3530 Sch.
959 3466 1093 3546 Apollon.
1114 3467 1144 3538 l,
1167 3430 1240 3539 608;

186 3549 282 3610 Tzetz.
307 3549 451 3628 Lycophr.
472 3570 497 3610 v.
517 3551 587 3626 227,
603 3552 679 3626 466,
700 3553 805 3633 quibus
825 3553 896 3615 locis
915 3560 1051 3615 narratur
1070 3551 1107 3612 de
1131 3551 1241 3613 colonis

185 3632 281 3695 Lesbo
301 3641 371 3713 puta
389 3634 590 3713 navigantibus
608 3646 694 3716 atque
713 3640 748 3700 ad
766 3639 916 3700 Tenedum
937 3647 966 3700 et
978 3640 1123 3700 Lemnum
1143 3636 1241 3716 appel·

186 3718 323 3794 lentibus,
342 3718 390 3780 ubi
407 3738 475 3798 pars
490 3739 593 3781 corum
608 3722 755 3784 manebat:
774 3717 907 3797 τούτοις
921 3724 966 3802 (i
982 3741 1008 3781 e.
1024 3720 1127 3798 primis
1141 3719 1241 3783 Lemni

187 3803 300 3875 incolis,
317 3805 366 3882 qui
382 3804 491 3866 Sinties
507 3804 727 3908 appellabantur
740 3816 831 3889 propt
832 3828 863 3870 er
818 3806 1017 3870 tfabricam
1032 3822 1183 3868 armorum
1197 3812 1240 3868 at-

186 3907 301 3991 que
267 3888 394 3950 telorum
418 3885 503 3991 πρὸς
527 3885 566 3952 τὸ
595 3881 752 3954 σινεσθαι
778 3890 854 3967 τούς
879 3879 1034 3969 πλησιον)
1057 3885 1241 3996 συνῴκισαν

186 3969 322 4048 εαοτοῦς
337 3965 498 4053 αναμίξ
472 3995 518 4050 ως
528 3963 635 4059 ἦλθον
647 3966 767 4039 αὐτόθι
782 3998 840 4039 και
831 3969 1033 4038 κατέλιπον
1043 3995 1120 4051 ναος
1133 3971 1240 4052 πέντε,

187 4059 297 4123 scihoet
311 4077 377 4121 oum
392 4060 575 4140 pergebant
568 4077 598 4121 ιιι
609 4059 733 4122 ἰιιειιΙιιιιι
745 4061 858 4124 Chium.
885 4059 918 4121 Si
933 4058 970 4120 de
983 4059 1080 4123 Rhodi
1094 4061 1181 4124 etiam
1196 4067 1241 4125 at·
