2558 4530
195 401 231 454 50
599 402 644 454 De
669 400 851 453 Hellanico

277 557 379 617 Priore
394 556 470 617 libro
486 565 645 636 postquam
666 557 820 634 prolusum
841 561 903 614 erat
919 552 1058 623 Persicis,
1083 554 1144 614 iam
1166 555 1251 616 altero

193 640 256 718 ipsa
276 659 377 718 regum
398 644 546 702 successio
569 643 638 702 inde
658 660 673 699 a
690 641 763 718 Cyro
784 640 907 716 repetita
925 657 991 698 esse
1008 638 1130 698 videtur.
1164 640 1251 702 Citato

192 725 266 785 libro
282 728 411 787 secundo
428 725 592 785 Hellanicus
614 725 769 784 adhibetur
791 726 869 800 apud
887 725 929 783 St.
946 723 978 781 Β.
995 741 1019 781 v.
1042 719 1163 802 Τυρέδι
1171 719 1210 798 ζα
1228 733 1253 784 et

192 809 334 888 Harpocr.
353 830 378 870 v.
399 805 534 889 Στρέψα
560 810 596 867 de
618 809 734 886 oppidis
751 808 924 886 quibusdam
947 807 1104 879 Thraciae,
1128 827 1252 886 quorum

147 911 174 952 aa
193 897 374 955 mentionem
390 895 496 954 factam
514 911 579 952 esse
595 893 731 970 suspicor
749 901 799 952 aut
822 894 851 951 in
868 892 1052 968 expeditione
1068 892 1148 953 [larii
1165 903 1213 953 aut
1226 894 1251 953 iu

191 979 305 1051 Xerxis,
322 981 358 1038 de
373 979 479 1056 quibus
491 985 686 1037 memoratum
698 978 790 1038 fuisse
805 977 881 1053 apud
894 976 1072 1037 Hellanicum
1092 977 1164 1038 satis
1181 986 1251 1058 patet

192 1082 226 1124 ex
241 1064 277 1124 iis
294 1081 368 1141 quae
383 1068 498 1122 exstant
513 1081 559 1140 ap.
576 1062 643 1121 Sch.
660 1063 689 1121 iu
719 1063 823 1122 Aesch.
840 1062 956 1131 Persas,
971 1062 1020 1139 qui
1037 1062 1100 1120 eius
1117 1065 1250 1122 testimo-

191 1148 248 1207 niis
258 1147 413 1208 identidem
426 1148 526 1219 utitur,
540 1147 627 1206 credo
637 1146 701 1224 quia
713 1148 871 1225 quaeapud
881 1147 1054 1224 Aeschylum
1064 1147 1249 1208 tradebantur

192 1249 258 1291 cum
276 1231 412 1291 Hellanici
427 1232 627 1292 notationibus
643 1232 735 1307 magis
752 1250 839 1310 quam
856 1250 921 1291 cum
943 1231 1084 1290 Herodoti
1100 1234 1248 1310 conspira-

192 1314 271 1375 bant.
293 1316 342 1376 Sic
356 1317 390 1376 ad
408 1335 449 1376 vs.
466 1317 528 1377 770
550 1310 664 1394 Κύρου
688 1312 725 1377 δὲ
751 1307 821 1389 υἱὸς
845 1306 863 1376 ὁ
887 1310 1033 1392 Καμβδσ
1055 1335 1081 1389 ς,
1107 1307 1249 1400 ἀδελφὸς

192 1394 230 1460 δὲ
252 1396 337 1461 κατα
355 1393 542 1462 Ἑλλάνικον
565 1393 792 1481 bracchom)
819 1395 876 1460 καὶ
903 1335 1106 1479 Μέμφιδος,
1135 1403 1182 1461 ad.
1212 1419 1247 1460 vs.

190 1484 252 1546 773
267 1476 500 1570 Ἀρταφρένης·
516 1483 630 1547 τοῦτον
641 1480 724 1546 Ἑλλ.
741 1479 918 1568 Δαφέρνην
932 1480 1034 1556 καλεῖ,
1057 1484 1102 1544 ad.
1125 1505 1169 1545 rs.
1192 1487 1245 1544 714

185 1559 369 1649 Ἡρόδοτος
392 1566 421 1644 ζ’
443 1589 527 1653 φησι
545 1564 689 1647 Δαρείου
709 1569 837 1641 παῖδας
852 1557 946 1642 εἶναι,
967 1560 1049 1628 ‘ull
1068 1563 1105 1628 δὲ
1122 1564 1181 1629 ια’.
1198 1568 1245 1642 Qui

190 1661 292 1714 auctor
307 1673 373 1714 cum
390 1655 468 1714 etad
486 1674 527 1713 vs.
545 1655 606 1713 770
622 1655 700 1713 etad
716 1673 758 1713 vs.
776 1655 837 1713 773
854 1653 951 1713 laudet
966 1653 1156 1726 Hellanioum‚
1179 1655 1245 1714 veri·

191 1738 284 1796 simile
311 1745 356 1797 est
381 1738 542 1797 secundum
563 1739 687 1797 eundem
711 1737 747 1797 ad
769 1757 810 1797 vs.
832 1739 889 1796 771
915 1738 1049 1816 expromi
1075 1756 1135 1815 quo
1164 1739 1245 1799 modo

188 1820 292 1880 Darius
308 1822 343 1880 ad
359 1839 480 1898 regnum
504 1823 682 1899 pervenerit,
711 1841 783 1899 quae
811 1823 939 1882 narratio
963 1823 1110 1900 discrepat
1136 1823 1173 1883 ab
1199 1825 1246 1893 illu,

189 1923 262 1983 quae
277 1904 382 1983 legitur
396 1906 472 1983 apud
487 1906 666 1966 Herodotum
683 1913 712 1965 et
723 1907 859 1978 Ctesiam
875 1907 1018 1985 habetque
1033 1927 1096 1966 eam
1113 1908 1245 1977 formam,

187 1997 220 2050 ut
233 1989 323 2050 faudo
341 1992 432 2068 magis
448 2010 533 2070 quam
550 1998 628 2051 certa
645 1991 820 2068 cognitionis
844 1993 901 2051 fide
921 1993 957 2052 ad
978 2000 1126 2052 auctorem
1147 2011 1245 2071 perve-

186 2075 269 2135 nisse
284 2094 349 2136 eam
365 2094 458 2153 neque
475 2083 544 2152 post
558 2076 740 2135 Herodotum
752 2085 838 2154 atque
850 2077 973 2137 Ctesiam
987 2078 1022 2136 ad
1034 2077 1114 2136 illum
1128 2079 1245 2137 modum

186 2159 255 2234 fingi
277 2158 409 2237 potuisse
423 2160 560 2219 affirmes.
591 2161 762 2240 Cambysem
784 2162 852 2221 dicit
874 2162 903 2222 in
931 2164 1092 2240 Aegyptum
1115 2164 1247 2241 proficis-

187 2250 301 2301 centem
319 2243 435 2303 ducbus
451 2245 543 2322 magis
559 2246 843 2306 administrationem
860 2247 942 2322 regui
959 2248 1131 2318 mandasse,
1149 2248 1247 2308 consi·

187 2326 227 2386 lio
244 2327 330 2387 simul
345 2348 378 2388 ex
395 2328 541 2389 nobilibus
557 2332 593 2390 ad
609 2349 731 2407 regnum
754 2331 986 2409 participandum
1007 2331 1152 2403 format03
1175 2339 1247 2394 certe

188 2411 244 2472 tale
264 2412 333 2489 quid
354 2413 477 2474 subesse
498 2416 612 2475 videtur
631 2417 700 2488 illis,
730 2410 849 2496 ἐπειδη
874 2406 906 2476 οὶ
926 2411 1054 2496 Πέρσαι
1078 2410 1192 2477 πάντα
1210 2418 1247 2500 τῇ

186 2493 289 2580 βουλῇ
312 2493 560 2578 διεπράττοντο,
584 2500 719 2579 idemque
740 2502 894 2560 consilium
918 2500 1007 2560 habes
1024 2500 1101 2579 apud
1120 2503 1246 2581 Aeschy-

185 2583 298 2643 lumin
326 2585 435 2645 Persis
471 2585 572 2661 Magos
592 2586 655 2644 illos
677 2586 801 2662 appellat
828 2585 1039 2661 Artaphernem
1066 2593 1095 2644 ot
1118 2586 1245 2657 Darium,

186 2684 260 2742 quae
282 2670 404 2727 nomina
426 2685 463 2726 ne
479 2669 654 2727 confusione
681 2678 745 2728 orta
767 2676 904 2744 putemus
930 2668 998 2727 facit
1019 2670 1097 2746 quod
1111 2671 1245 2745 additur,

185 2747 266 2807 huuc
278 2750 396 2810 Darium
409 2752 497 2810 alium
512 2752 605 2810 fuisse
619 2759 787 2827 atque-eum
804 2752 852 2826 qui
869 2768 990 2826 regnum
1007 2761 1109 2830 postea
1125 2757 1245 2835 adeptus

184 2830 235 2902 sit;
248 2833 325 2891 unde
343 2843 422 2910 patet
436 2843 583 2893 auctorem
600 2835 635 2892 de
648 2836 721 2894 veris
733 2834 903 2894 nominibus
916 2836 1047 2896 nondum
1061 2849 1245 2917 compertum

184 2914 334 2976 habuisse.
361 2917 460 2994 lllagos
476 2918 541 2977 illos
558 2927 628 2995 post
648 2925 773 2978 mortem
796 2919 946 2999 Cambysis
967 2921 1002 2980 ab
1023 2924 1126 2982 ceteris
1143 2926 1181 2985 de
1202 2945 1245 2987 rc

185 3017 244 3076 gno
261 3000 390 3061 deiectos
407 3020 480 3060 esse.
509 3002 569 3060 lam
583 3000 725 3078 plurimos
742 3022 864 3081 regnum
884 3006 960 3066 ultro
978 3007 1170 3084 detrectasse3
1192 3011 1244 3072 sibi

183 3083 276 3161 magis
292 3085 407 3162 placere
421 3086 455 3145 ad
472 3096 558 3146 suum
574 3087 726 3147 arbitrium
741 3089 906 3160 vivere59l.
940 3092 1155 3170 Artaphernem
1165 3115 1244 3167 vero,

182 3266 199 3316 l.
217 3266 262 3317 Vll
268 3267 344 3328 -X,
362 3269 395 3319 48
412 3271 500 3327 Δᾶτις
521 3265 536 3319 ὀ
556 3272 611 3322 τῶν
629 3272 748 3336 Περσῶν
765 3271 918 3340 στρατηγὸς
933 3274 1038 3340 Μῆδος
1055 3273 1094 3327 ὢν
1110 3273 1142 3327 τὸ
1163 3272 1243 3347 γένοξ

181 3336 227 3384 καὶ
248 3333 325 3404 παρὰ
343 3339 398 3389 τῶν
416 3334 565 3406 προγόνων
581 3337 761 3407 παρειληφὼς
778 3335 821 3390 ὅτι
839 3339 946 3406 Μήδου
962 3346 1011 3393 τοῦ
1029 3349 1242 3414 συστησαμένου

183 3400 233 3465 τὴν
253 3405 373 3469 Μηδίαν
395 3403 539 3471 Ἀθηναῖοι
560 3411 731 3471 κατέστησαν
751 3405 905 3489 ἀντόηονοι,
924 3407 1072 3463 ἀπέστειλε
1090 3412 1163 3476 πρὸς
1180 3415 1243 3471 τοὺς

185 3465 350 3550 Ξηθηναίους
367 3476 459 3527 εἰπεῖν
476 3472 512 3532 ὡς
529 3472 650 3544 πάρεστι
665 3472 735 3545 μετὰ
749 3475 893 3544 δυναμτιυς
909 3477 1074 3540 ἀπαιτήσων
1091 3477 1141 3543 τὴν
1152 3478 1242 3549 ἀρχὴν

181 3552 231 3614 την
244 3540 415 3616 ηρογονικην
427 3545 490 3608 κτλ,
502 3543 533 3594 el.
546 3546 602 3594 Soh.
613 3546 675 3595 Veri.
690 3547 766 3596 Arist.
777 3545 834 3594 Pac.
849 3562 871 3595 v.
886 3546 935 3597 289
952 3542 984 3600 δν
997 3544 1241 3613 ἀντιτιοιήσασθαι

181 3619 233 3684 της]
248 3610 367 3670 Αττικῆς
388 3606 424 3666 ὡς
448 3611 523 3666 ἰδίας
543 3612 703 3676 (ἑλληνίζειν
719 3611 888 3681 βουλόμενος
904 3618 972 3666 addit
989 3618 1046 3666 scu.
1062 3618 1162 3682 vulg.)‚
1181 3613 1238 3669 ἀπὸ

182 3669 288 3736 Μηδου
300 3669 353 3741 γὰρ
366 3678 415 3724 τοῦ
429 3678 559 3737 Μηδείας
571 3684 616 3728 καὶ
628 3683 740 3747 Αἰγέως
753 3678 843 3732 ἐδόκει
857 3682 935 3733 εἶναι.

251 3740 291 3795 53)
312 3741 357 3804 Ap.
370 3745 487 3806 Aeschyl.
500 3746 568 3793 Pers.
583 3763 607 3794 v.
618 3748 666 3795 780
680 3752 742 3798 idem
754 3752 895 3800 nominatur
905 3747 1028 3813 Μαρφις
1037 3749 1075 3796 vel
1088 3748 1238 3820 Μάραφις.

182 3808 252 3872 Apud
272 3807 364 3855 Herod.
381 3807 403 3870 l,
419 3809 465 3856 125
480 3810 599 3874 Maraplrii
613 3823 670 3862 suut
684 3817 854 3878 interponere
868 3819 1010 3866 Persarum.
1035 3816 1119 3881 Stupli.
1139 3821 1164 3868 B.
1179 3838 1199 3869 s.
1213 3837 1236 3871 v.

181 3877 281 3925 eosdem
299 3891 312 3922 a
332 3891 391 3936 rege
408 3879 510 3939 quodam
530 3878 656 3940 lllarapliio
676 3883 755 3932 dictos
775 3887 901 3946 perbibet,
925 3897 997 3944 quem
1016 3882 1149 3934 Ariaethus
1168 3888 1237 3947 (libb.

181 3946 313 4000 Δίαιίίος)
327 3943 391 4006 apud
406 3943 487 3991 Schol.
502 3952 528 3993 et
539 3947 651 3995 Eustath.
664 3947 691 3995 ll.
706 3966 731 4012 γ,
746 3951 791 3997 rto
805 3953 864 3999 dicit
877 3948 951 3996 filium
964 3947 1071 4000 Helenae
1082 3962 1107 4002 et
1120 3954 1235 4004 Menelai.

249 4011 290 4072 59)
305 4011 333 4060 ol
344 4008 397 4078 μὲν
410 4002 460 4061 οὖν
471 4004 550 4062 ἄλλοι
562 4007 663 4077 ταύτην
673 4010 730 4077 (τὴν
740 4018 892 4079 βασιλείαν)
906 4015 999 4078 λαβεῖν
1008 4013 1168 4071 ἀπείπαντο
1181 4018 1236 4090 φή-
