2558 4530
112 359 128 407 4
469 358 509 408 lle
528 359 683 425 Aeschyli
701 358 816 408 Persis.

112 522 270 603 conspicua
285 530 353 599 erat,
375 524 515 605 splendor
526 531 555 587 et
570 526 704 605 dignitas,
725 526 789 599 illis,
805 530 838 587 ut
853 523 921 598 dixi,
941 530 970 584 et
984 530 1129 585 vetustate
1144 531 1172 584 et

110 609 251 689 religione
265 609 423 689 plurimum
439 612 585 691 gravitatis
608 619 638 672 et
657 610 844 672 sublimitatis
856 609 1023 684 constabat3
1043 608 1099 669 illis
1120 610 1170 671 de-

112 695 199 775 nique
214 704 351 776 tanquam
367 698 476 758 sanctis
493 695 666 774 imaginibus
682 696 819 775 quicquid
835 696 871 757 de
884 714 983 757 rerum
1005 694 1116 767 ordine,
1136 695 1171 755 de

112 781 235 844 deorum
250 782 421 844 nominibus
437 789 465 842 et
479 781 660 855 numinibus,
682 782 717 843 de
732 781 869 843 humanis
886 781 1009 860 denique
1025 781 1171 841 conditio·

112 868 199 929 nibus
221 867 459 948 praecipiendum
480 874 551 939 erat,
578 885 696 928 cernere
716 875 802 947 atque
821 866 1013 947 contemplari
1027 865 1062 927 ab
1090 866 1171 927 omni

86 974 97 1013 r
112 960 246 1033 tempore
261 959 473 1015 consueverant
488 959 678 1032 spectatores.
708 953 783 1025 Quid
804 953 919 1032 gravius
935 952 1058 1013 omnino
1073 951 1171 1030 effingi

110 1046 225 1120 poterat
239 1039 275 1099 ad
291 1038 510 1117 exprimendam
530 1038 607 1100 illam
628 1037 754 1100 divinam
770 1038 982 1111 necessitatem,
1000 1038 1034 1098 ad
1052 1055 1170 1099 omnem

111 1125 235 1187 deorum
249 1124 500 1204 procurationem,
516 1124 553 1184 ad
568 1124 690 1185 caducas
706 1124 778 1198 illas,
796 1123 901 1202 quibus
914 1124 1052 1185 mortales
1065 1143 1082 1184 a
1093 1123 1171 1185 bona

111 1211 147 1272 ad
164 1208 270 1270 malam
285 1209 435 1271 fortunam
450 1209 585 1270 fluctuari
601 1209 704 1283 solent,
719 1209 933 1270 vicissitudines
948 1209 1078 1289 propriis
1095 1209 1170 1288 tigu-

110 1296 152 1356 ris
165 1314 198 1356 ac
212 1296 334 1374 picturis
347 1295 561 1356 adumbrandas
570 1295 689 1374 —quid
702 1294 788 1374 igitur
796 1295 910 1374 gravius
920 1295 956 1356 ad
965 1314 997 1355 ea
1009 1295 1171 1374 effingenda

111 1380 234 1441 inveniri
250 1399 379 1461 unquam
395 1388 519 1461 poterat,
536 1399 623 1459 quam
635 1380 867 1460 praeclarissima
882 1380 1171 1453 illaLabdaoidarum‚

112 1466 331 1547 Pelopidarum,
347 1466 539 1528 Aeacidarum
554 1466 622 1539 fata,
644 1485 732 1546 quam
752 1466 874 1527 illustria
892 1466 954 1539 illa,
976 1485 1048 1545 quae
1064 1466 1098 1527 ab
1115 1468 1170 1527 hr-

112 1553 246 1630 gonautis
259 1553 339 1625 olim,
355 1559 405 1612 aut
416 1551 451 1613 ab
462 1552 508 1621 ile,
524 1552 573 1630 qui
583 1551 708 1625 Thebae,
725 1560 774 1614 aut
788 1552 823 1613 ab
837 1552 871 1613 iis
884 1551 1016 1630 denique,
1033 1552 1082 1630 qui
1095 1551 1171 1612 Tro-

109 1638 170 1717 jam
187 1643 443 1716 oppugnaverant,
463 1636 594 1698 facinora
614 1645 726 1717 patrata
746 1644 844 1709 erant,
872 1656 959 1716 quam
980 1637 1171 1698 miraculosae

112 1722 238 1800 denique
258 1723 321 1784 illae
341 1730 370 1782 et
389 1721 527 1782 omnibus
550 1722 687 1784 coelitum
710 1722 879 1784 numinibus
905 1723 1066 1784 luculentae
1086 1724 1172 1802 atque

113 1808 283 1868 manifestae
298 1826 356 1881 ree,
372 1806 407 1867 ab
415 1807 584 1869 hominibus
593 1807 724 1881 vetustis,
739 1808 847 1869 robore
859 1815 887 1869 et
899 1807 1172 1888 sapientiamaxime

113 1892 271 1972 insignitis,
287 1892 435 1966 heroibus,
449 1893 651 1966 daemonibus,
669 1893 724 1955 diis
737 1894 861 1973 denique
873 1893 945 1973 ipsis
958 1891 1081 1972 gestae?
1095 1893 1171 1966 Quid

114 1978 261 2040 efficacius
277 1979 365 2040 simul
380 1978 415 2038 ad
432 1996 550 2039 omnem
566 1979 702 2059 pietatem
719 1986 748 2040 et
762 1979 898 2040 virtutem
914 1979 1071 2058 excogitari
1086 1987 1171 2058 pote·

114 2073 166 2140 rat,
182 2084 269 2144 quam
285 2065 357 2125 hacc
371 2063 435 2143 ipsa
458 2072 641 2142 argumenta,
663 2064 713 2126 ubl
729 2065 825 2126 omnis
846 2066 970 2144 exempli
996 2066 1172 2126 documenta

114 2150 143 2210 in
166 2147 382 2229 augustissimis
406 2155 434 2208 et
456 2168 520 2210 rere
542 2150 646 2212 divinis
667 2150 791 2212 heroum
814 2158 900 2231 atque
919 2151 1041 2212 deorum
1063 2168 1171 2211 monu-

115 2235 223 2296 mentis
239 2236 344 2296 intueri
358 2231 483 2295 licebat?

197 2320 361 2382 Mirandum
376 2318 464 2397 igitur
479 2320 672 2395 vehementer,
693 2321 770 2400 quod
788 2320 961 2382 exstiterunt
976 2320 1107 2393 omnino,
1123 2320 1172 2400 qui

114 2424 129 2465 3
153 2406 286 2485 mythicis
301 2405 385 2466 hisce
400 2404 488 2466 rebus
504 2406 540 2467 ad
556 2425 668 2478 eorum,
687 2425 758 2484 quae
770 2423 865 2484 nuper
876 2412 956 2484 gesta
967 2412 1059 2479 erant,
1076 2406 1172 2467 histo-

113 2488 185 2551 riam
202 2491 384 2552 descirerint.
416 2491 515 2572 Neque
541 2511 608 2553 vero
632 2491 662 2552 id
683 2491 721 2551 ita
736 2491 843 2552 factum
866 2498 923 2565 est,
943 2491 1011 2570 quia
1031 2491 1172 2552 exhausta

110 2576 231 2656 jamjam
252 2596 316 2637 esse
337 2577 467 2655 coeperit
488 2577 532 2637 illa
555 2577 749 2656 mythicorum
768 2585 1007 2655 argumentorum
1031 2576 1172 2653 supellex,

114 2662 164 2722 sed
180 2669 253 2736 tum,
270 2662 319 2723 ubi
335 2662 459 2722 intactus
475 2663 558 2741 quasi
573 2663 619 2723 ille
635 2664 790 2723 thesaurus
802 2663 847 2735 iis,
863 2663 912 2741 qui
927 2660 1088 2741 tragoedias
1104 2660 1174 2722 inde

89 2747 254 2824 eeflingere
285 2747 432 2818 volebant,
455 2747 616 2808 constabat.
647 2748 745 2828 Neque
765 2748 852 2808 etiam
871 2766 944 2828 quae
964 2756 1035 2809 tunc
1053 2753 1172 2825 tempo·

114 2832 155 2892 ris
171 2839 233 2893 erat
247 2831 379 2905 historia,
400 2851 433 2892 ea
452 2832 516 2894 talis
532 2840 602 2905 erat,
612 2837 614 2842 ’
624 2834 716 2913 qualis
730 2833 913 2894 nostratibus
929 2830 1069 2913 suppetit,
1091 2830 1172 2911 ejus-

114 2917 229 2978 cemodi
243 2917 331 2979 rebus
348 2918 489 2992 conferta,
512 2919 617 2998 quibus
632 2919 696 2997 ipsa
712 2919 854 2998 temporis
879 2927 1021 2980 vetustate
1036 2924 1085 2978 aut
1100 2937 1171 2997 spa-

113 3001 144 3063 111
160 3002 370 3081 longinquitate
385 3003 563 3082 aliquantum
585 3004 732 3082 dignitatis
748 3005 864 3065 allatum
880 3004 976 3064 fuerit.
1005 3003 1111 3064 Verum
1129 3024 1171 3075 ea,

115 3106 188 3165 quae
209 3088 238 3148 in
260 3097 363 3148 nostra
385 3089 532 3167 tragoedia
553 3090 735 3163 exhihentur,
754 3097 783 3149 et
804 3089 966 3150 novissimo
989 3096 1125 3166 tempore
1145 3097 1174 3150 et

113 3173 142 3232 in
158 3173 222 3252 ipsa
238 3172 364 3246 Graecia,
380 3181 409 3233 et
423 3174 458 3234 ab
474 3175 546 3253 ipsis
562 3175 598 3235 iis
614 3175 771 3236 maximam
786 3183 908 3254 partem,
926 3175 974 3254 qui
991 3173 1171 3253 spectabant,

114 3265 195 3335 gesta
210 3259 339 3336 erantssl.
371 3259 553 3339 Quamquam
574 3261 646 3320 haec
665 3260 738 3321 levia
758 3267 836 3332 sunt,
860 3261 885 3320 si
905 3280 937 3322 ea
954 3278 1020 3320 cum
1035 3259 1071 3319 iis
1088 3278 1172 3320 com-

114 3344 270 3421 paraveris,
292 3361 364 3421 quae
389 3344 559 3406 interiorem
582 3345 746 3423 tragoediae
766 3345 894 3405 indolem
917 3346 1009 3422 magis
1029 3351 1172 3423 spectant.

50 3457 54 3464 ·
113 3427 246 3506 Namque
272 3428 399 3506 primum
420 3430 620 3491 difficillimum
641 3437 710 3500 erat,
734 3449 768 3488 ex
794 3430 882 3508 longa
904 3430 948 3491 illa
969 3447 1067 3490 rerum
1096 3431 1173 3491 serie

114 3532 166 3592 per
180 3513 304 3590 plurimo
320 3515 462 3594 temporis
477 3536 510 3577 ac
521 3516 578 3576 loci
590 3515 737 3576 intervalla
749 3522 896 3592 gestarum
914 3515 1060 3576 definitam
1079 3516 1173 3575 actio-

87 3614 182 3661 onem
199 3598 360 3676 efficere9).
391 3601 499 3662 Deinde
514 3618 575 3661 non
593 3601 689 3661 solum
705 3618 760 3678 pro
777 3601 873 3661 divino
891 3601 950 3674 illo,
971 3620 1028 3679 quo
1045 3600 1172 3678 mythico

181 3813 205 3876 8)
219 3813 255 3863 Eu
267 3814 367 3865 uberius
380 3816 541 3882 persequitur
553 3815 636 3865 Herm.
650 3816 666 3866 1.
680 3833 701 3867 c.
714 3835 736 3884 p.
750 3817 791 3869 91.

181 3881 205 3946 9)
218 3881 269 3932 lluc
281 3898 313 3932 ex
325 3891 397 3949 perte
406 3884 459 3948 jum
469 3884 623 3933 Aristoteles
633 3883 752 3938 Nostrum
762 3888 907 3952 vituperare
917 3887 1018 3937 videtur
1026 3893 1171 3952 poeticum.

114 3948 142 4011 33
156 3964 299 4016 quanquam
312 3952 355 4001 ille
368 3952 458 4002 nimius
470 3958 511 4001 est
523 3952 546 4001 in
560 3951 611 4000 illis
624 3955 728 4017 regulis,
745 3971 807 4020 quae
825 3956 879 4021 ipsa
895 3962 950 4005 arte
967 3955 1045 4005 multo
1054 3954 1171 4019 juniores

113 4024 178 4083 suut,
195 4034 210 4069 a
222 4020 308 4085 primis
321 4020 458 4084 quibusque
471 4020 534 4070 artis
546 4019 690 4071 auctoribus
704 4021 843 4086 exigendis.
870 4021 973 4074 Constat
985 4024 1053 4074 illam
1067 4023 1173 4094 πρᾶξιν
