2558 4530
448 353 490 403 lle
507 353 660 421 Aeschyli
678 353 798 405 Persis.
1119 357 1150 408 21

93 524 170 585 illam
185 524 277 602 legem
293 521 569 602 competebantlt).
598 520 698 584 Persis
713 527 810 585 autem
826 539 892 585 curn
912 525 997 587 ceteri
1018 525 1067 600 dii,
1087 532 1151 587 tum

94 609 159 688 ipsa
179 616 264 682 terra,
285 608 368 688 cujus
389 607 543 687 dispositio
565 606 600 668 ab
621 606 676 669 illis
696 607 788 669 modo
811 609 926 670 turbata
951 617 1020 683 erat,
1047 610 1151 673 infesta

94 695 207 771 est75).
236 693 449 755 Miserabilibus
469 693 607 766 cladibus,
628 692 850 756 vehementibus
870 696 1091 773 tempestatibus
1107 697 1152 758 di·

93 779 201 841 vinitus
216 779 359 841 immissis
375 779 410 841 ad
426 797 518 841 unum
539 796 642 839 omnes
663 779 879 856 intereuntlll.
915 781 986 841 Tam
1006 783 1152 844 manifesti

93 871 178 927 erant
192 865 248 927 illis
264 865 303 926 dii
318 864 410 938 malis,
425 872 456 925 ut
471 864 557 925 etiam
573 863 597 925 si
613 865 677 944 quis
693 865 815 945 impius,
832 871 860 925 et
875 866 925 945 qui
938 865 1010 928 deos
1022 886 1088 928 esse
1099 886 1151 929 ne-

94 949 211 1029 gaverit,
226 950 301 1011 inter
309 950 412 1010 Persas
421 949 561 1027 fugitivos
572 949 669 1023 fuerit,
685 949 740 1024 ille,
756 950 820 1011 talia
832 958 980 1031 expertus,
994 951 1066 1014 deos
1078 971 1152 1027 esse,

94 1053 205 1114 eosque
228 1035 324 1115 justos
345 1043 374 1096 et
391 1034 546 1108 maximos
572 1043 631 1096 tam
657 1035 809 1098 luculentis
837 1036 1025 1099 documentis
1047 1038 1151 1100 doctus

91 1120 251 1197 lueritl'l).
280 1121 459 1182 Relictorum
475 1127 571 1182 autem
587 1121 760 1182 cadaverum
776 1121 914 1184 cumulati
929 1123 1022 1185 acervi
1037 1123 1072 1184 ad
1092 1131 1150 1185 ter·
1165 1143 1192 1182 aa

90 1206 162 1267 tiam
177 1223 270 1285 usque
286 1213 407 1268 aetatem
423 1224 564 1285 magnum
583 1205 653 1268 illud
672 1214 837 1286 propagant
855 1214 884 1269 et
903 1209 996 1271 mutui
1015 1225 1151 1289 pronun·

91 1291 179 1353 tiant:
209 1286 328 1375 Μηδὲν
350 1283 442 1373 ἄγαν.
485 1284 607 1374 Μηδὲν
628 1281 847 1375 ὖπέρφεοῖθ).

178 1545 318 1607 httinehit
332 1546 363 1606 in
379 1546 437 1606 fine
452 1562 484 1606 ea
499 1546 600 1625 paucis
615 1563 774 1619 resumere,
796 1563 868 1625 quae
887 1563 940 1623 ego
960 1565 1050 1626 supra
1064 1565 1151 1627 prae·

90 1630 174 1692 fabar
188 1631 224 1691 de
239 1631 376 1708 gravitate
395 1629 530 1709 religiosa
545 1631 680 1710 mythiois
700 1630 819 1710 quidem
839 1632 1017 1710 argumentis
1037 1634 1150 1712 praeci·

90 1734 149 1795 pue
163 1716 292 1795 propria,
311 1715 465 1777 historicas
481 1723 576 1778 autem
592 1734 640 1777 res
655 1715 834 1794 aliquantum
850 1715 1007 1779 deficiente.

174 1800 310 1862 Dicebam
326 1801 401 1863 hanc
412 1801 583 1880 religionem
594 1803 781 1882 praecipuam
796 1801 826 1862 in
839 1820 872 1862 eo
885 1803 1074 1882 potissimum
1087 1803 1149 1877 niti,

89 1886 169 1968 quod
185 1886 301 1967 mythis,
323 1886 455 1948 idearum
471 1888 605 1948 omnium
621 1887 760 1949 derebus
777 1886 881 1948 divinis
898 1895 928 1949 et
946 1888 1083 1950 humanis
1102 1889 1149 1948 in-

88 1972 225 2046 volueris,
240 1971 356 2052 publico
372 1974 450 2033 cultu
464 1980 492 2033 et
506 1990 564 2034 usu
578 1972 715 2051 religioso
735 1972 870 2052 receptis,
891 1973 963 2033 fides
979 1981 1064 2052 atque
1080 1991 1146 2034 san·
1163 1999 1190 2039 45

89 2059 173 2120 etitas
188 2057 224 2118 ab
240 2057 376 2119 omnibus
393 2058 526 2119 omnium
547 2065 673 2120 aetatum
694 2066 723 2119 et
738 2057 876 2120 ordinum
898 2055 1015 2118 Graecis
1038 2058 1148 2119 tribue-
1197 2122 1200 2127 ,

90 2143 185 2205 batur.
210 2144 369 2222 Tragoedia
382 2162 416 2203 ex
427 2143 535 2224 mythis
548 2144 702 2223 procrevit,
719 2143 786 2204 inde
801 2160 863 2203 non
883 2142 978 2204 solum
996 2142 1149 2222 originem,

89 2247 192 2291 verum
214 2229 366 2290 materiam
381 2228 478 2301 etiam,
494 2229 572 2289 unde
590 2229 761 2302 nutriretur,
786 2235 933 2307 repetens.
963 2229 1004 2289 lta
1020 2235 1083 2290 tum
1100 2248 1149 2290 se-

89 2313 218 2376 cundum
230 2314 293 2393 ejus
305 2313 440 2387 formam,
456 2321 518 2374 tum
532 2314 694 2375 secundum
705 2313 858 2374 materiem
869 2313 1038 2391 religiosum
1052 2314 1147 2392 quod-

90 2399 159 2458 dam
174 2399 340 2459 institutum
357 2405 425 2471 erat,
444 2416 503 2477 quo
518 2398 633 2476 publica
651 2398 751 2475 religio
772 2405 953 2459 enarraretur
974 2405 1002 2460 et
1022 2398 1148 2477 amplifi-

91 2488 215 2544 caretur.
243 2485 308 2543 lam
323 2500 391 2541 vero
411 2481 572 2560 mythicum
591 2482 671 2542 illum
693 2500 828 2560 campum
849 2482 975 2560 reliquit,
994 2482 1147 2544 historiam

91 2584 238 2647 aggressa.
268 2566 339 2626 Vide
359 2566 427 2644 quid
448 2567 591 2644 agendum
611 2565 699 2627 luerit
718 2565 772 2626 illis
793 2565 901 2644 poetis,
924 2567 973 2644 qui
993 2566 1147 2628 historiam

88 2652 198 2714 inferre
209 2651 400 2722 conabantur,
416 2658 444 2712 et
459 2651 528 2730 quid
540 2650 619 2712 hisce
630 2650 783 2712 conatibus
795 2651 830 2711 ad
844 2668 961 2711 omnem
971 2648 1147 2714 Graecorum

87 2737 259 2816 religionem
275 2742 304 2797 et
319 2736 500 2816 disciplinam
515 2737 624 2798 factum
646 2737 693 2797 sit.
724 2736 875 2815 Agendum
891 2736 926 2797 iis
941 2745 1004 2799 erat
1022 2737 1147 2799 maxime

88 2824 156 2896 hoc,
176 2830 209 2884 ut
229 2821 382 2882 historiam
406 2821 441 2883 ad
457 2817 617 2900 analogiam
634 2821 696 2901 ejus
711 2822 788 2896 fidei,
808 2839 881 2901 quae
897 2823 1004 2902 mythis
1019 2823 1147 2885 habeba·

87 2915 146 2981 tur‚
161 2907 429 2986 interpretarentur.
460 2908 523 2980 Qua
538 2909 568 2968 in
579 2926 611 2968 re
623 2907 658 2968 ad
670 2915 868 2986 spectatorum
880 2907 996 2969 animos
1008 2909 1148 2970 erudien-

89 2993 145 3053 dos
160 2993 269 3053 mirum
285 2999 425 3071 quantum
441 2992 614 3054 efficiebant.
644 2992 777 3054 Primum
791 3001 825 3055 ut
843 3011 895 3052 eos
915 2993 1147 3072 praeclarissima

87 3077 135 3140 illa
160 3077 298 3152 facinora,
321 3095 395 3157 quas
417 3078 507 3139 modo
525 3078 556 3139 in
576 3079 734 3140 certamine
753 3097 819 3140 cum
840 3077 939 3139 Persis
958 3084 1039 3157 gesta
1056 3085 1146 3150 erant,

159 3280 200 3342 74)
215 3279 278 3331 θεοὶ
291 3276 411 3340 σώζουσι
423 3275 572 3336 Πάλλαδος
583 3279 660 3337 θεοῖς.
672 3308 707 3317 —-
720 3276 756 3338 ῶς
768 3277 824 3350 γὰρ
836 3277 904 3337 θεὸς
916 3281 992 3334 ναῶν
1004 3277 1090 3332 ἔδωκε
1101 3280 1148 3330 κῦ-

90 3343 275 3413 δοςἝλλησιν
285 3344 384 3417 μάχης.

158 3418 200 3481 75)
214 3412 280 3482 αὐτὴ
292 3412 346 3486 γὰρ
359 3412 375 3481 ἡ
388 3416 426 3482 Γῆ
439 3410 584 3498 ξύμμαχος
595 3419 698 3471 κείνοις
709 3414 796 3466 πέλει.

159 3483 200 3548 76)
215 3482 251 3535 Cf.
265 3502 289 3537 v.
302 3485 351 3535 495
365 3499 401 3549 sq.
414 3483 492 3535 νυκτὶ
508 3482 526 3533 d
541 3482 571 3536 ἓν
583 3477 667 3550 ταύτῃ
680 3479 748 3537 θεὸς
755 3476 870 3548 χειμῶν’
882 3477 976 3547 ἄωρον
985 3474 1057 3552 ῶρσε
1070 3491 1118 3533 eet.

160 3552 200 3615 77)
218 3548 302 3610 θεοὺς
320 3550 354 3601 δέ
368 3569 410 3608 τις
425 3547 456 3602 τὸ
473 3552 542 3618 πρὶν
553 3551 676 3617 νομίζων
697 3545 824 3616 οὐδαμοῦ
845 3543 899 3598 τότ’
921 3544 1021 3615 ηὔχετο
1042 3551 1147 3602 λιταῖσι

92 3622 179 3672 Γαῖαν
197 3617 324 3686 Οὐρανόν
345 3635 375 3670 τε
395 3619 567 3689 προςκονῶν.
601 3615 730 3679 Stanlejus
747 3617 808 3665 haec
824 3631 856 3665 ex
879 3617 1001 3680 religione
1013 3617 1146 3670 Persarum

90 3687 168 3739 luisse
180 3696 272 3739 monet.
298 3687 449 3752 Quamquam
462 3701 508 3749 ego
522 3684 673 3750 Aeschylum
686 3685 748 3734 illud
760 3684 865 3734 maxime
884 3691 910 3735 et
923 3685 970 3735 hoc
985 3686 1009 3736 in
1026 3687 1081 3738 loeo
1099 3688 1146 3739 sibi

91 3757 205 3807 voluisse
219 3756 376 3815 crediderim,
388 3761 417 3804 ut
428 3754 497 3819 ipsos
511 3752 602 3803 Persas
615 3753 756 3803 universam
770 3759 890 3815 notorem,
903 3760 930 3803 et
942 3762 1053 3807 sanetum
1066 3757 1146 3808 Nutu-

91 3840 134 3874 rae
147 3826 259 3875 ordinem
273 3825 319 3888 (Γῆ
332 3823 377 3873 καὶ
386 3816 519 3891 Οὐρανός)
533 3836 546 3870 a
560 3835 587 3871 se
600 3821 694 3871 laesum
708 3836 765 3871 esse
778 3821 888 3871 sensisse
901 3822 1033 3885 significet.

160 3893 201 3956 78)
220 3893 278 3942 807.
297 3890 355 3941 818.
373 3889 430 3939 827.
448 3888 505 3938 831.
540 3892 618 3945 θῖνες
639 3886 669 3940 δὲ
686 3890 791 3973 νεκρῶν
810 3890 856 3938 καὶ
877 3887 1055 3960 τριτοσπόρῳ
1075 3891 1146 3959 γονῇ

93 3954 194 4029 ἄφωνα
207 3960 381 4028 σημανοῦσιν
398 3951 526 4026 ὄμμασιν
540 3957 647 4025 βροτῶν
664 3953 700 4013 ῶς
717 3974 768 4025 ουχ
785 3952 912 4028 ὑπέρφευ
930 3959 955 4022 (ἰ.
969 3975 990 4009 e.
1007 3955 1078 4029 ὑπὲρ
1097 3954 1146 4021 τὴν

93 4023 190 4096 φύσιν,
203 4024 274 4097 ὑπὲρ
287 4026 335 4092 τὴν
347 4023 439 4091 αἶσαν)
453 4020 558 4090 θνητὸν
571 4021 638 4078 ὄντα
646 4020 702 4094 χρὴ
715 4027 840 4096 φρονεῖν.
