2558 4530
362 351 603 419 grammaticae
621 352 842 420 Byzantinos.
1084 355 1114 408 11

58 510 84 571 si
100 528 233 589 quaeras,
250 508 400 570 Behherus
415 516 499 588 putat
513 527 580 569 eum
595 526 684 569 usum
704 527 770 569 esse
785 510 848 569 cod.
865 509 1014 584 Vaticano,
1029 530 1117 591 quem

56 596 123 673 ipse
138 602 221 656 notat
234 594 290 654 No.
309 595 363 666 14,
388 612 446 672 quo
467 593 593 654 maxime
611 593 762 665 utebatur,
782 593 934 672 adiicitque
948 595 1117 658 Vaticanum

57 687 122 741 tum
142 680 216 740 lectu
236 678 396 740 faciliorem
417 678 509 738 fuisse
529 678 628 738 videri.
662 679 730 756 lpse
745 679 917 739 Holstenius
937 679 967 740 in
987 681 1118 759 epistolis

58 783 149 843 opera
168 763 356 824 Boissonadii
376 763 460 824 editis
481 763 573 824 Paris.
596 763 677 824 1817
698 763 770 823 nihil
791 764 826 824 de
845 763 892 823 bis
912 765 1017 826 studiis
1037 785 1119 826 com-

56 856 213 909 memorat.
243 849 277 908 10
297 848 507 909 commentario
529 847 563 907 ad
581 847 682 926 Steph.
697 848 765 927 Byr.
781 868 810 927 p.
827 848 909 909 329r
926 849 996 910 dicit
1009 858 1122 912 exstare

56 932 280 994 10111110111111.
297 932 451 1012 „Dionysii
467 933 589 993 Thracis
608 933 828 1011 grammaticam
850 952 916 994 cum
938 935 1122 996 diversorum

55 1025 188 1078 veterum
205 1017 477 1095 explicationibus“,
492 1017 618 1097 indeque
632 1018 730 1079 laudat
740 1018 938 1096 fragmentum
951 1019 1121 1081 Susarionis

58 1102 102 1176 (in
117 1103 207 1163 schol.
222 1102 354 1181 Dionysii
370 1122 415 1181 ap.
431 1103 521 1163 Bell.
537 1103 644 1163 hnecd.
660 1121 690 1180 p.
707 1102 796 1178 748),
817 1103 867 1163 sed
884 1104 1121 1182 discrepantibus

56 1186 92 1246 ab
118 1187 169 1259 iis,
196 1205 267 1266 quas
293 1187 415 1266 praebet
440 1187 643 1266 apographum
669 1187 903 1266 Hamhurgense,
933 1189 1119 1250 lectionibus.

55 1271 211 1352 Porphyrii
228 1273 264 1332 de
278 1272 420 1350 prosodia
435 1272 501 1333 libri
516 1271 650 1332 meminit
665 1272 695 1331 in
707 1273 1003 1335 commentationibus
1015 1276 1052 1335 de
1063 1274 1121 1336 rita

55 1365 84 1417 et
99 1357 215 1436 scriptis
231 1357 388 1435 Porphyrii
404 1377 428 1417 c.
445 1358 477 1416 7:
501 1356 612 1429 „Liber
627 1358 662 1416 de
677 1357 834 1434 prosodia,
850 1357 898 1434 qui
915 1358 969 1418 sub
985 1361 1047 1420 eius
1062 1377 1120 1420 no-

55 1441 137 1501 minc
157 1448 253 1501 exstat
271 1441 302 1499 in
320 1441 411 1501 Vatic.
431 1441 500 1500 bibl.
522 1441 587 1500 cod.
609 1441 685 1511 212,
708 1441 920 1519 elegantissima
941 1445 992 1503 sed
1012 1445 1122 1504 recenti

56 1543 148 1585 manu
164 1526 323 1602 scriptus.“
354 1525 489 1585 Eundem
501 1524 592 1585 habes
605 1525 634 1584 in
647 1526 818 1603 apographo
831 1544 858 1604 p.
873 1527 922 1598 60,
936 1527 985 1587 ubi
997 1527 1026 1586 in
1041 1546 1121 1588 mar-

56 1611 126 1688 gine
146 1611 325 1670 adnotantur
344 1609 431 1669 haec:
451 1610 506 1682 „ln
521 1609 609 1669 Vatic.
626 1609 703 1682 2411,
723 1610 753 1670 10
767 1611 896 1671 Palatino
914 1613 980 1672 7tl“
998 1612 1049 1688 (de
1063 1613 1122 1673 hoc

56 1714 84 1754 v.
97 1694 186 1755 Behh.
199 1695 308 1754 Anecd.
320 1713 350 1772 p.
366 1695 470 1771 1140),
486 1695 600 1773 alioque
615 1695 680 1755 loco
696 1714 725 1773 p.
741 1694 804 1755 297
819 1696 855 1756 de
869 1695 942 1757 libro
960 1696 1121 1758 Theodosii

56 1773 137 1861 περὶ
159 1776 360 1862 προσῳδιῶν
382 1798 485 1857 margo
500 1788 614 1839 monet:
632 1779 700 1852 „Ex
714 1779 767 1840 Ms.
784 1780 947 1842 Lolliniano
962 1781 1024 1843 Vat.
1039 1782 1119 1854 bibl,

56 1863 193 1925 collatum
210 1883 276 1924 cum
292 1864 392 1925 codice
406 1865 438 1924 F.
452 1864 560 1936 Ursini,
578 1863 626 1943 qui
643 1873 687 1925 est
701 1865 732 1924 in
747 1865 809 1925 Vat.
829 1865 934 1926 1356“
952 1867 1075 1946 (dequo
1092 1888 1120 1927 v.

55 1947 145 2008 Behh.
161 1949 267 2009 Anecd.
283 1968 312 2027 p.
331 1949 445 2024 1161);
465 1949 510 2011 cui
532 1957 620 2009 notae
639 1951 823 2028 respondent
843 1951 914 2010 haec
928 1971 957 2028 p.
975 1951 1050 2025 320,
1070 1951 1120 2013 ubi

56 2033 294 2112 supplementum
316 2033 392 2093 illius
418 2034 484 2094 libri
510 2034 677 2094 exhibetur:
704 2036 795 2108 „Hoc
820 2035 1057 2113 supplementum
1085 2055 1119 2096 ex

57 2118 121 2178 cod.
138 2137 194 2178 ms.
211 2119 273 2178 Vat.
291 2118 401 2178 1356.“
433 2119 515 2179 Unde
531 2120 662 2199 sequitur
676 2137 737 2179 non
753 2137 862 2192 unum,
883 2119 934 2179 sed
950 2119 1050 2198 plures
1067 2139 1119 2179 oo-

55 2203 135 2263 dices
155 2202 310 2263 Vaticanos
332 2203 433 2262 saltem
456 2203 491 2262 de
516 2204 563 2264 his
590 2203 706 2265 duobus
728 2203 809 2265 libris
831 2204 1015 2265 consultatos
1038 2223 1121 2280 esse3

54 2287 192 2364 idemque
207 2288 238 2346 in
254 2286 357 2347 ceteris
375 2287 485 2346 factum
501 2288 629 2349 cernitur
648 2308 747 2361 exeo,
769 2290 847 2366 quod
868 2308 970 2367 margo
990 2289 1119 2370 fereper

55 2370 160 2430 omnia
173 2370 241 2430 folia
257 2379 342 2430 notas
353 2372 448 2430 varias
464 2379 549 2448 atque
565 2373 786 2432 emendationes
797 2374 924 2450 praebet,
940 2382 968 2435 et
979 2375 1009 2434 in
1020 2375 1120 2436 fronte

54 2454 216 2514 voluminis
237 2454 325 2513 indici
345 2472 447 2513 eorum
469 2473 542 2531 quae
562 2455 706 2534 descripta
727 2463 797 2516 sunt
819 2457 1011 2518 subiiciuntur
1033 2461 1118 2519 haec:

57 2538 192 2611 „Omnia
207 2537 315 2598 inedita
330 2546 359 2597 et
374 2556 440 2598 cum
455 2538 508 2597 Ms.
524 2538 616 2598 Fulvii
632 2539 729 2599 Ursini
745 2539 878 2600 collata.“

482 2710 484 2715 ’
556 2743 618 2815 sl.
1129 2779 1143 2817 .

90 2877 131 2927 De
151 2878 274 2939 origine
292 2877 679 2944 grammaticueDionysii.
704 2878 909 2929 Adiiciuutur
924 2880 1081 2932 lectiones

501 2947 673 2997 variantes.

143 3048 335 3108 Grammatico
351 3048 481 3127 Dionysii
496 3050 574 3110 unde
590 3050 731 3128 originem
745 3051 962 3131 duxeritneque
973 3055 1050 3133 apud
1063 3073 1117 3115 an-

55 3134 197 3212 tiquiores
220 3134 392 3212 interpretes
414 3134 567 3195 constabat
588 3153 684 3214 neque
706 3137 918 3198 recentioribus
944 3147 1039 3200 ratum
1062 3146 1115 3199 est.

55 3217 148 3296 lulgo
170 3218 351 3278 tribuebatur
369 3217 508 3298 Dionysio
530 3220 649 3294 Thraci,
671 3222 722 3280 sed
744 3221 954 3282 dissentiebant
971 3223 1116 3294 nonnulli,

56 3322 81 3362 r.
110 3303 207 3363 Schol
235 3303 368 3380 11672,
398 3305 551 3364 1011111
577 3298 738 3367 θέλουσιν
766 3324 821 3365 0ον
847 3325 935 3378 τινες
960 3303 1006 3388 μὴ
1031 3327 1117 3367 ειναι

57 3380 190 3469 γνήσιον
210 3384 269 3447 cod
293 3383 424 3470 Θρᾳκὸς
444 3385 484 3449 cd
505 3385 612 3468 παρὸν
639 3383 800 3469 σύγγρα111
787 3410 847 3466 1,10
876 3407 1004 3466 quorum
1030 3409 1116 3468 argu·

56 3473 428 3574 0100110111οΝ1000101111
441 3473 979 3549 1130,11111111001111110111110101
996 3473 1117 3534 delinire

56 3557 177 3616 verbum
207 3553 279 3638 (ῥῆ1
280 3551 313 3616 roi
336 3551 408 3616 ἐστι
430 3552 516 3630 λέξις
537 3551 714 3674 κατηγόρη1
702 3574 749 3630 11α
771 3548 1008 3636 σημαίνουσα),
1036 3558 1118 3620 aliter

55 3642 275 3741 grammaticam
304 3635 410 3741 (ῥῆμά
433 3635 504 3700 ἐστι
525 3631 657 3713 λέξις’
636 3658 802 3714 απταπος,
812 3634 1018 3742 ἕπιδεκτικη
1041 3637 1116 3744 χρό-

54 3747 117 3787 νων
138 3746 175 3786 τε
198 3720 255 3786 καὶ
278 3719 471 3803 προσώπων
492 3744 550 3783 και
572 3715 740 3804 αριθμῶν,
769 3717 936 3823 ἐνέργειαν
954 3715 977 3809 ἢ
999 3722 1117 3804 πάθος

55 3807 279 3893 παριστῶσα)
297 3811 391 3882 Quam
405 3809 524 3868 dubitat
504 3815 614 3868 tionem
627 3809 774 3886 ampliavit
762 3810 936 3871 tuoettlioo'
909 3830 975 3889 rus
984 3832 1014 3873 10
1026 3815 1115 3892 praef.

55 3896 219 3957 Theodosii
238 3915 267 3973 p.
282 3895 306 3953 V
321 3913 381 3972 sq
404 3893 452 3972 qui
472 3902 573 3954 monet
587 3913 682 3974 neque
697 3896 732 3954 dc
746 3897 932 3973 pronominis
949 3899 1116 3960 definitione

55 3982 229 4061 conspirare
249 3988 418 4059 utrumque,
440 3979 503 4039 coll.
523 3979 642 4060 Dionys.
659 3980 729 4041 Thr.
751 3999 797 4058 ap.
814 3981 949 4062 Apollon.
972 3983 1008 4044 de
1027 4002 1114 4063 pron.
