2558 4530
436 350 550 402 Lesbio
568 351 732 402 historico.
1077 347 1109 399 43

55 514 94 582 δὲ
115 512 244 602 Ἀθηνᾶ
265 515 325 582 καὶ
336 509 455 604 ’Άρηςτ
477 519 629 599 inquibus
645 520 724 598 quod
738 527 872 597 tempora
883 519 1044 580 secundum
1060 535 1111 595 ge·

54 624 126 667 nera
142 605 251 678 definit,
268 605 430 666 obscurum
445 613 490 666 est
504 624 560 684 qua
575 605 604 666 id
625 604 739 665 ratione
759 605 866 666 lecerit.
904 604 1000 664 Unum
1020 621 1111 681 genus

55 691 132 752 solet
146 690 280 770 amplecti
296 690 359 773 331}
374 693 539 766 annos41),
559 697 592 751 ut
605 689 696 750 ternis
712 690 876 767 generibus,
898 691 977 749 senis
998 689 1112 766 generi-

55 777 110 838 bus
127 777 305 855 exprimatur
320 794 459 837 numerus
475 776 619 837 rotundus
641 774 729 836 unius
745 776 850 847 seculi,
870 775 1007 834 binorum
1029 791 1113 834 seeu-

54 862 152 923 lorum
173 869 227 922 eto.
266 856 420 922 Sed'hanc
439 861 473 921 ad
495 862 637 922 rationem
658 860 682 920 si
704 860 802 921 locum
824 859 1009 938 interpretari
1030 858 1113 932 velis,

55 947 128 1007 nihil
145 945 290 1025 expedies,
305 953 337 1007 ut
351 953 400 1007 aut
414 964 555 1007 numeros
570 954 729 1024 corruptos
745 953 795 1006 aut
809 963 916 1024 genera
937 944 1019 1005 aliter
1041 943 1114 1003 dicta

56 1050 124 1093 esse
139 1032 325 1092 statuendum
341 1031 386 1092 sit.
408 1032 445 1092 Et
460 1030 597 1093 dicuntur
612 1048 823 1110 nonnunquam
836 1030 939 1091 eodem
952 1028 1115 1107 significatu

56 1136 115 1195 quo
131 1135 220 1194 regua
234 1116 414 1194 singulorum
426 1135 529 1194 regum
538 1119 551 1156 4
561 1120 600 1193 2),
616 1116 980 1195 similiterqueHellanious
993 1133 1025 1175 ea
1038 1121 1115 1175 certe

53 1202 103 1262 illo
118 1201 183 1262 loeo
200 1201 367 1263 adhibuisse
385 1203 515 1276 videtum
534 1201 636 1262 saltem
657 1201 701 1262 sic
723 1203 854 1281 exputari
874 1201 1001 1281 quodam
1022 1200 1113 1260 modo

54 1293 155 1367 potest
169 1286 242 1347 ratio
258 1287 420 1365 proposita.
442 1287 516 1348 Nam
532 1287 661 1365 origines
673 1286 815 1366 Areopagi
830 1287 915 1364 vulgo
928 1291 1044 1366 ponunt
1058 1284 1113 1346 sub
1127 1305 1154 1346 as

56 1373 256 1449 Cecropem,
279 1371 420 1433 iudicium
443 1379 542 1433 autem
565 1372 600 1432 de
619 1371 746 1449 Cephalo
768 1372 824 1432 suh
846 1372 1007 1432 Erechtheo
1031 1369 1113 1431 hahi-

55 1465 120 1518 tum
134 1463 264 1530 narrant,
278 1456 305 1518 v'.
321 1457 455 1536 Apollod.
468 1457 518 1527 ΙΙΙ,
536 1457 584 1529 14,
599 1457 634 1529 23
652 1457 701 1528 15,
719 1457 745 1516 1.
775 1463 800 1517 A
815 1456 943 1533 Cecrope
958 1455 993 1516 ad
1004 1455 1114 1516 Erech-

56 1543 159 1602 theum
171 1548 244 1601 sunt
256 1559 345 1620 regna
357 1560 418 1614 sex,
439 1541 519 1620 qnod
537 1541 605 1602 dicit
615 1540 788 1613 Hellanicus,
804 1528 877 1602 εἶτα
898 1536 1053 1641 Κέφαλος
1074 1573 1116 1584 -

57 1617 97 1702 ἓξ
126 1624 250 1707 γενεαῖς
270 1619 413 1706 ὕστερον.
448 1626 544 1687 Porro
570 1625 665 1688 tribus
680 1626 836 1704 generibus
858 1628 959 1708 (τρισι
982 1645 1009 1707 y.
1032 1618 1115 1700 doe.)

58 1712 96 1773 ad
128 1729 178 1772 sex
207 1711 325 1772 adiectis
351 1711 442 1772 hahes
468 1729 575 1773 novem
605 1729 725 1790 genera,
761 1730 834 1792 quae
863 1712 900 1773 ab
931 1711 1115 1773 institutione

55 1795 203 1875 Areopagi
222 1797 259 1858 ad
279 1796 417 1858 iudicium
437 1797 549 1858 Orestis
570 1796 767 1877 praeterlapsa
791 1816 856 1859 esse
878 1797 990 1870 statuit3
1013 1815 1114 1857 verum

55 1882 110 1944 tria
136 1881 183 1942 illa
204 1899 310 1960 genera
333 1900 392 1962 quo
410 1890 495 1962 pacto
518 1883 714 1945 numeraverit
738 1883 897 1945 admodum
917 1882 1038 1944 dubium
1061 1890 1114 1942 est.

57 1968 261 2045 Regnaverunt
280 1976 351 2048 post
364 1968 561 2030 Erechtheum
576 1967 724 2042 Pandion,
742 1974 869 2048 Aegeus,
888 1968 1034 2040 Theseus
1054 1967 1115 2028 Me-

55 2054 204 2126 nestheus,
223 2052 409 2133 Demophon.
440 2054 555 2116 Daedali
576 2053 689 2115 facinus
709 2053 810 2115 incidit
829 2054 860 2114 in
880 2071 1003 2131 regnum
1019 2052 1115 2130 Aegei,

56 2157 82 2199 v.
101 2138 237 2217 Apollod.
248 2138 298 2212 ΙΙΙ,
316 2140 365 2212 15,
383 2138 411 2212 8,
431 2138 565 2201 Orestem
590 2139 777 2201 consentiunt
795 2158 913 2201 causam
934 2137 1043 2199 dixisse
1061 2135 1116 2197 ini-

55 2222 97 2284 tio
117 2223 200 2302 regni
220 2224 450 2304 Demophontis,
472 2244 498 2287 v.
517 2225 645 2285 Boechh.
665 2224 696 2286 G.
712 2225 734 2285 Ι.
749 2226 783 2298 ΙΙ,
799 2245 828 2305 p.
842 2224 912 2286 324.
940 2224 1002 2284 Iam
1021 2222 1047 2283 si
1062 2221 1116 2282 tria

57 2326 163 2386 genera
178 2326 316 2369 numeras
337 2308 372 2370 ah
387 2314 483 2387 Aegeo
503 2310 540 2370 ad
559 2310 672 2388 primos
692 2328 786 2371 annos
800 2309 1031 2388 Demophontis,
1053 2325 1117 2368 non

58 2392 197 2468 congruit
213 2410 355 2453 numerus
373 2411 481 2454 uorem
497 2411 657 2467 annorum3
678 2395 723 2454 sin
743 2394 778 2454 ah
793 2394 943 2455 Pandione
958 2395 993 2454 ad
1008 2394 1117 2455 Demo-

58 2477 218 2556 phontem,
238 2477 352 2537 videtur
372 2476 488 2537 illorum
508 2477 678 2554 regulorum
702 2495 796 2538 unum
814 2478 1057 2557 praetermisisse.
1076 2511 1117 2521 -

59 2563 197 2623 Ceterum
223 2561 259 2621 ad
286 2561 408 2622 eandem
432 2561 468 2622 de
492 2561 595 2623 Oreste
617 2561 815 2623 narrationem
836 2562 981 2640 pertinere
1005 2562 1118 2622 videtur

57 2645 171 2708 mentio
192 2645 332 2707 llellanici
352 2665 398 2725 ap.
414 2647 501 2710 Paus.
517 2646 557 2722 Π,
580 2647 632 2721 16,
651 2647 670 2707 7
690 2646 726 2708 de
746 2647 861 2728 Pyladis
882 2653 967 2726 atque
987 2647 1117 2709 Electrae

57 2732 134 2793 liliis.

144 2817 225 2890 Quae
240 2834 274 2877 ex
289 2816 379 2877 altero
393 2815 467 2879 libro
483 2816 657 2879 adhibentur
673 2817 772 2879 omnia
786 2817 946 2898 respiciunt
960 2835 1052 2898 pagos
1063 2824 1117 2880 m-

56 2903 144 3002 ticos.
169 2900 229 3004 'Sic
243 2920 288 2980 ap.
312 2902 455 2980 Harpocr.
477 2922 504 2963 v.
526 2893 653 2987 Ἀλόπῃ
676 2903 712 2964 de
733 2903 968 2983 Hippothoonte‚
993 2904 1070 2965 idem
1090 2923 1115 2964 v.

58 3005 262 3133 ltlthlt
284 2983 568 3152 heldat?
585 2982 699 3135 llud
719 2982 1119 3154 {llnltlllllltltll

58 3158 95 3218 de
121 3175 181 3218 cor.
208 3177 237 3237 p.
256 3121 299 3218 '73
319 3157 340 3220 C
360 3158 405 3220 ed.
427 3160 463 3221 H.
479 3120 633 3236 Woll44),
659 3121 722 3222 coll.
745 3121 894 3240 llarpocr:
912 3161 1008 3239 Etym.
1028 3159 1066 3220 ΙΙ.
1088 3120 1115 3220 v:

58 3299 259 3308 ..α-η*-

128 3370 169 3436 41)
184 3368 221 3422 ef.
234 3371 327 3423 Herod.
339 3370 370 3436 ΙΙ,
386 3372 447 3436 142;
459 3373 575 3425 Eustath.
585 3373 615 3424 ll.
625 3374 702 3440 pem
717 3373 821 3425 Goeller
829 3375 854 3424 in
863 3373 936 3436 frgm.
947 3373 1011 3423 Tim.
1021 3387 1044 3437 p.
1054 3371 1116 3434 1973

60 3437 215 3489 Bnrmeister
230 3439 357 3492 Zeitschr.
373 3439 390 3491 f.
402 3441 432 3492 A.
445 3457 468 3493 a.
483 3441 681 3502 1836Nr.131;
699 3441 813 3502 [Vosmel
824 3443 855 3490 de
867 3441 956 3490 ineolis
970 3439 1117 3490 Thessaliae

58 3507 238 3572 antiquissimis
251 3524 274 3575 p.
288 3510 312 3572 Ι,
329 3515 381 3559 not.
396 3510 428 3572 5].

128 3592 170 3657 42)
184 3593 276 3645 Euseh.
293 3593 385 3644 Chren.
403 3610 426 3660 p.
445 3592 477 3643 26
494 3593 562 3643 Scal.
579 3589 610 3644 ἐν
621 3593 729 3658 γενεαῖς
749 3587 803 3659 μὲν
819 3584 881 3656 ἤτοι
900 3591 1062 3656 βασιλεῦσιν
1078 3581 1116 3660 αἶ,

57 3694 82 3744 p.
101 3677 133 3727 ar
155 3675 186 3731 ev
226 3682 315 3734 αεαῑς
328 3665 438 3742 Deras
453 3674 623 3742 parteseae.
647 3674 887 3740 samonungun
905 3676 1038 3740 nornen,
1054 3679 1116 3743 1423

58 3745 184 3797 Schuhart
218 3753 311 3796 uaestt.
325 3745 429 3795 Geneal.
443 3742 523 3810 prael.
536 3760 560 3810 p.
573 3743 634 3794 XX.

127 3813 170 3878 43)
183 3815 272 3866 Marm.
284 3813 342 3864 Par.
355 3812 418 3878 ep.3
433 3813 552 3876 originem
564 3812 690 3879 Areopagi
699 3814 770 3879 ponit
782 3814 807 3864 in
820 3829 897 3878 reguo
910 3813 1009 3866 Cranai.

127 3881 171 3946 44)
185 3877 334 3949 Διόδωρος
346 3881 519 3950 παραφέρων
531 3876 564 3931 τὰ
573 3876 740 3942 Ἑλλανίκου,
759 3883 801 3932 ubi
818 3883 849 3932 dc
861 3883 971 3934 Diodoro
983 3884 1117 3949 Perlegeta

58 3950 227 4014 cogitandum,
240 3967 288 4000 aon
302 3951 333 4000 de
346 3950 440 4013 Siculo,
453 3950 478 3999 in
490 3949 560 4000 euius
572 3948 719 4015 fragmentis
731 3951 769 4002 hic
781 3952 852 4004 loeus
864 3953 941 4017 vulgo
959 3962 1116 4005 recensetur.

59 4018 97 4070 De
110 4034 139 4070 re
151 4034 176 4071 v.
191 4019 221 4071 0.
233 4019 343 4071 Mueller
356 4017 580 4085 Orchon.p.'391.
