2558 4530
499 377 750 445 Peripatetico.
1093 379 1149 431 ’99

90 525 108 615 ἦ
133 526 357 636 γραμματική·
372 525 400 636 1ἡ
423 527 567 635 μὲνΙγοὶρ
589 530 668 616 περὶ
690 529 766 635 τούς
786 531 991 634 χαρακτῆρας
1012 529 1070 594 καὶ
1091 528 1152 606 τὰς

91 619 157 677 τῶν
179 635 351 693 στοιχειων
366 636 570 701 εκφωνησεις
588 639 810 699 καταγινεται,
832 639 906 700 ητις
925 638 981 678 και
1003 637 1151 700 γραμμα-

90 698 164 784 τικὴ
189 695 319 781 λέγεται
342 698 486 774 παλαιά,
518 691 600 765 οὖσα
622 699 680 764 καὶ
703 699 770 783 πρὸ
791 700 857 763 τῶν
883 701 1048 784 Τρωϊκων,
1075 721 1151 779 σχε-

91 782 148 847 δὸν
172 781 209 847 δὲ
232 781 290 846 καὶ
313 780 382 864 ἅμα
402 784 443 870 τῇ
466 782 564 888 φύσει
587 785 873 870 moechatam-u,
897 779 915 869 ἦ
942 780 980 847 δὲ
1002 783 1081 869 περὶ
1094 784 1151 848 τὸν

73 863 296 954 ’ἓλλιγνισμόκ
324 864 397 955 ἥτις
423 892 480 933 και
507 869 646 955 νεωτέρα
673 867 774 948 ἐστίν,
806 864 968 955 ἄρξαμένη
995 865 1054 951 μὲν
1080 863 1150 932 <tart

94 948 282 1034 Θεαγένους,
302 952 497 1017 τελεσθεῖσα
519 954 557 1018 δὲ
576 954 670 1040 παρά
683 955 748 1018 τῶν
762 953 1044 1039 Περιπατητικῶν
1058 959 1150 1038 Πρα-

92 1034 310 1123 ξιφάνουςΝ)
337 1061 373 1101 τε
395 1037 451 1102 καὶ
473 1033 735 1120 Ἀριστοτέλους·
758 1039 815 1103 καὶ
837 1045 897 1124 τῆς
918 1035 978 1119 μὲν
998 1037 1090 1114 τέλος
1111 1037 1150 1102 τὸ

92 1113 128 1185 εὖ
151 1116 393 1204 ἀναγινώσκειν,
415 1129 475 1209 τῆς
498 1123 534 1188 δὲ
556 1122 595 1188 τὸ
619 1118 654 1188 εὖ
678 1122 828 1210 γράφειν;
856 1128 904 1189 ubi
922 1127 1089 1205 Theogenes
1106 1134 1152 1188 est
1165 1143 1190 1180 10

90 1209 316 1287 antiquissimus
330 1211 376 1271 ille
388 1211 546 1290 RheginuS,
562 1213 612 1290 qni
627 1213 787 1272 Homerum
804 1213 917 1289 primus
934 1213 1064 1272 omnium
1082 1213 1152 1273 alle-

89 1294 187 1372 gorice
207 1294 414 1372 interpretatus
436 1298 539 1370 est15)
556 1316 649 1375 eoque
663 1299 694 1357 in
710 1316 799 1374 opere
813 1298 937 1357 fortasse
952 1297 989 1357 de
1005 1297 1151 1374 significa-

88 1378 219 1439 tionibus
240 1379 326 1438 etiam
342 1382 555 1441 nonnullorum
571 1382 780 1442 vocabulorum
798 1381 959 1459 inquisivit,
980 1382 1151 1442 Aristoteles

90 1471 200 1535 autem,
217 1465 264 1542 qui
279 1480 337 1525 una
353 1484 419 1525 cum
437 1466 621 1544 Praxiphane
635 1475 772 1544 tanquam
787 1466 933 1544 perfector
948 1467 1152 1542 grammaticae

91 1549 236 1620 laudatur,
259 1549 473 1626 proculdubio
495 1559 541 1610 est
561 1551 766 1611 celeberrimus
788 1550 936 1628 Stagirita,
958 1551 1038 1610 cuius
1062 1569 1152 1628 opera
1182 1570 1184 1574 ’

92 1632 279 1710 grammatica
295 1635 477 1714 maximeque
490 1635 520 1695 id
538 1636 616 1714 quod
633 1636 822 1712 inscripserat
835 1629 913 1716 περὶ
929 1629 1045 1708 λέξεως
1060 1636 1084 1695 si
1101 1655 1151 1695 en-

92 1724 215 1785 starent,
240 1718 342 1779 melius
364 1739 450 1798 quam
472 1739 551 1781 nunc
567 1739 625 1799 quo
641 1721 703 1780 iure
718 1722 745 1780 id
762 1720 899 1780 traditum
915 1721 954 1780 sit
969 1721 1152 1799 perspicere·

91 1820 166 1862 mus,
202 1802 358 1864 Recentior
378 1805 580 1882 grammatica,
605 1825 690 1884 quam
712 1805 750 1865 illi
771 1805 933 1864 absolvisse
953 1805 1152 1883 perhibentur,

90 1905 121 1945 ea
137 1895 196 1958 est,
217 1905 291 1964 quae
310 1890 464 1950 rhetoricis
486 1891 675 1968 potissimum
697 1891 800 1950 studiis
817 1891 894 1966 apud
910 1890 1088 1967 antiquiores
1104 1891 1151 1949 in-

89 1972 230 2044 serviens,
242 1972 358 2048 linguae
367 1974 491 2036 Graecae
503 1976 748 2035 consuetudinem
761 1974 985 2033 conversatione
998 1974 1151 2033 hominum

90 2075 204 2134 usuque
222 2056 335 2117 forensi
357 2066 465 2119 temere
480 2061 667 2120 fluctuantem
685 2059 719 2119 ad
736 2065 829 2119 certas
845 2058 973 2117 rationes
990 2076 1024 2116 ac
1038 2059 1151 2134 regulas

89 2140 244 2201 revocabat
265 2160 359 2220 eoque
378 2144 468 2203 modo
484 2163 619 2205 normam
641 2145 742 2204 Graeci
759 2143 906 2203 sermonis
924 2141 1082 2212 condebat,
1103 2142 1152 2220 qui

90 2244 188 2285 sermo
210 2226 245 2285 ad
261 2244 397 2287 normam
412 2229 489 2288 illam
506 2230 628 2289 rationis
644 2229 809 2289 elaboratus
826 2235 911 2304 atque
927 2227 1081 2304 castigatus
1098 2245 1152 2304 ap-

90 2309 250 2387 pellabatur
266 2301 283 2370 ὁ
297 2303 511 2394 Ἑλληνισμός
526 2332 620 2391 eoque
635 2314 756 2373 nomine
772 2312 975 2391 opponebatur
991 2320 1151 2371 consuetu-
1185 2383 1191 2399 .

92 2393 153 2452 dini
174 2393 282 2469 vulgari
302 2413 386 2454 caeco
408 2396 589 2473 loquentium
610 2398 723 2474 impetu
742 2397 926 2474 vagantilil.
965 2398 1151 2473 Quamquam

93 2493 154 2536 non
175 2478 270 2536 solum
292 2476 321 2537 id
343 2479 444 2554 agebat
463 2482 534 2539 haec
549 2482 747 2556 grammatica,
769 2490 803 2542 ut
822 2481 972 2558 corruptio
994 2500 1028 2540 ex
1048 2481 1151 2540 turbu-

92 2560 171 2620 lenta
196 2562 407 2622 consuetudine
434 2564 579 2641 pullulans
601 2572 799 2625 removeretur
817 2574 902 2644 atque
923 2564 1150 2634 exscinderetur,

162 2730 202 2792 1³)
223 2731 327 2781 Scilicet
339 2738 462 2794 quatenus
474 2733 584 2797 pertinet
596 2734 626 2781 ad
638 2732 780 2782 litterarum
793 2749 878 2784 sonos.

111 2817 120 2852 v
160 2800 201 2863 14)
214 2800 344 2848 bekkerus
355 2800 431 2849 edidit
447 2800 600 2866 Θεογένους
610 2808 636 2850 et
646 2796 712 2866 παρ’
720 2797 886 2868 Ἑξιφάνους,
899 2816 1001 2865 quorum
1011 2802 1058 2850 boc
1068 2817 1152 2850 emen·

90 2869 174 2916 datum
188 2874 229 2917 est
240 2882 254 2916 a
267 2866 397 2916 Classenio
415 2868 430 2917 l.
444 2883 465 2917 c.
480 2885 502 2932 p.
517 2868 540 2930 9,
554 2869 594 2933 qui
608 2883 653 2932 pro
666 2868 800 2931 Theogene
813 2868 911 2918 dubitat
923 2883 953 2917 an
965 2870 1104 2934 ponendum
1118 2869 1153 2918 sit

89 2951 178 2984 nomen
192 2934 350 2984 Theodectis.
377 2936 531 3002 Θεαγένους
547 2944 573 2985 et
589 2932 790 3004 Πραξιφάνους
806 2945 845 2985 evt
862 2938 886 2985 in
905 2937 958 2985 cod.
974 2936 1151 2995 ottoboniano,

89 3011 156 3053 teste
167 3002 281 3053 Bellero
291 3003 386 3072 Apecd.
397 3002 454 3052 Vol.
468 3002 508 3065 lll,
519 3021 541 3068 p.
556 3003 617 3053 1161
630 3011 656 3053 et
665 3007 728 3069 apud
741 3005 886 3053 Crumerum
897 3005 988 3053 Anccd.
1000 3004 1081 3053 Onon.
1092 3001 1152 3052 Vol.

88 3069 131 3130 lV,
144 3086 167 3135 p.
180 3070 242 3131 311,
260 3072 302 3120 ubi
320 3072 405 3120 eadcm
424 3074 561 3121 coartatius
578 3072 697 3134 leguntur
714 3088 747 3121 ex
765 3073 819 3121 cod.
835 3071 914 3121 Musei
928 3072 1062 3120 Britnnniei
1076 3072 1152 3120 edita.

89 3136 136 3200 [cf.
156 3137 277 3254 {Velclrer
296 3138 379 3187 hlaine
396 3137 522 3189 Schriften
539 3139 563 3203 l,
585 3156 607 3205 p.
621 3139 683 3200 3893
702 3140 791 3188 Prantl
807 3138 955 3188 Geschichte
973 3140 1019 3188 der
1036 3138 1114 3201 Logik
1133 3136 1151 3198 l,

89 3221 103 3269 p
159 3207 199 3334 lbl)
218 3273 248 3323 V.
263 3274 367 3323 Nitzscb
383 3275 414 3323 de
431 3275 524 3324 Hister.
536 3274 637 3323 Homeri
651 3274 723 3323 Fuso.
736 3273 754 3337 l,
773 3290 796 3338 p.
811 3272 874 3332 1313
892 3272 1014 3321 Welclrer
1026 3272 1091 3321 Mus.
1104 3270 1151 3320 lib.

89 3338 178 3391 Philol.
191 3355 214 3390 a.
231 3340 295 3391 1832
307 3358 331 3406 p.
348 3342 404 3391 157.

160 3408 199 3469 16)
219 3408 272 3457 Ηυο
285 3425 361 3458 sensu
374 3409 527 3458 Aristoteles
541 3409 613 3458 libet.
626 3407 668 3468 lll,
682 3424 703 3455 c.
718 3408 732 3454 5
746 3408 781 3456 ait
796 3404 856 3456 ἔστι
869 3403 896 3455 ‹l‘
911 3401 982 3470 ἀρχὴ
996 3403 1043 3466 τῆς
1056 3404 1151 3462 λέξεως

91 3469 121 3523 τὸ
139 3472 295 3540 ἑλληνίζειν.
320 3475 357 3526 Cf.
375 3476 403 3525 L.
417 3476 510 3525 Lersoh
531 3475 717 3538 Sprachphilos.
737 3475 783 3520 der
796 3473 871 3521 Alten
884 3471 902 3532 l,
920 3489 943 3536 p.
956 3472 989 3520 48
1003 3487 1047 3536 sq,
1064 3472 1104 3519 ubi
1119 3488 1151 3522 ex

89 3541 204 3592 Fabricio
218 3546 248 3592 ad
263 3543 334 3591 Sext.
348 3544 418 3607 Emp.
432 3559 454 3607 p.
469 3543 519 3590 254
532 3545 642 3590 citantur
654 3542 727 3588 haec:
747 3535 762 3602 ἡ
776 3539 982 3605 κατωρθωμένα]
995 3538 1066 3596 λέξις
1078 3537 1152 3602 ἑλλη-

88 3606 189 3678 νισμὸς
201 3611 324 3661 καλεῖται
336 3610 383 3658 καὶ
400 3611 460 3658 πᾶν
472 3605 503 3656 τὸ
516 3607 546 3657 ἐκ
558 3607 606 3669 τῆς
618 3607 826 3673 συνηθισμένης
839 3606 934 3662 λέξεως
945 3607 1152 3673 μετηνεγμένον

88 3674 232 3747 βάρβαρον
244 3677 363 3744 λέγεται,
377 3677 418 3724 ubi
431 3675 502 3732 λέξις
511 3676 604 3723 dicitur
617 3690 693 3723 sensu
706 3674 930 3738 Peripateticorum
942 3682 1047 3722 externa
1058 3677 1152 3724 oratio-

88 3747 126 3795 nis
139 3745 228 3807 iorma‚
242 3748 272 3794 de
286 3759 333 3809 qua
347 3742 674 3807 scripserunthristoteles,
688 3742 884 3806 Theophrastus,
898 3742 1031 3804 Eudemus,
1046 3757 1093 3790 uon
1106 3759 1151 3791 vo-

88 3814 211 3877 cabulum,
225 3829 272 3878 quo
287 3827 363 3862 sensu
376 3828 400 3859 v.
413 3810 484 3867 λέξις
495 3810 664 3875 usurpabatur
677 3809 778 3870 Stoicis,
790 3811 831 3874 qui
842 3811 871 3858 de
880 3807 1036 3878 ἑλληνισμῴ
1046 3826 1152 3859 consen·

88 3882 185 3930 tiebant
203 3897 256 3929 cunr
275 3879 460 3943 Peripateticis,
478 3894 499 3927 v.
517 3878 596 3928 Diocl.
610 3877 692 3940 Magn.
706 3893 743 3942 ap.
760 3878 830 3939 Diog.
844 3877 872 3927 L.
888 3877 946 3939 Vll,
960 3879 992 3926 59
1009 3876 1102 3948 ἀρεταὶ
1121 3876 1152 3926 dl

88 3944 176 4015 λόγου
196 3948 250 3998 εἰσὶ
269 3950 367 4008 πέντε,
379 3941 556 4015 ἑλληνισμός,
570 3941 707 4014 σαφήνεια
720 3946 775 3995 κτλ.
788 3944 951 4014 ἑλληνισμὸς
964 3945 1019 4015 μὲν
1031 3945 1081 3996 οὐν
1092 3943 1151 3992 ἐστι

90 4012 196 4082 φράσις
208 4010 387 4071 ἀδιάπτωτος
396 4012 426 4064 ἐν
438 4015 470 4083 τῇ
481 4015 591 4084 τεχνικῇ
604 4014 650 4063 καὶ
661 4010 700 4080 μὴ
719 4015 811 4078 εἰκαίᾳ
821 4017 965 4079 συνηθείᾳ.

917 4098 950 4146 Ἰ*
