2558 4530
181 431 234 486 358
647 425 785 480 Studien

180 586 313 648 Anstand
328 586 441 657 nehme‚
457 584 512 643 den
524 583 696 662 Ophioneus
712 584 771 643 und
789 583 869 641 seine
885 582 998 643 Geburt
1011 583 1062 643 fiir
1078 583 1141 642 eine
1157 582 1234 643 liene-

180 675 244 733 tion
259 672 311 731 des
327 671 444 730 Chthon
463 687 553 747 gegen
569 668 614 727 die
631 667 829 728 welthildende
846 667 1014 745 Thetigkeit
1033 668 1087 727 des
1104 669 1177 728 Zeus
1191 687 1234 728 an-

181 758 320 827 zusehen
338 775 371 815 so
388 755 441 814 wie
456 755 531 814 Hera
548 755 604 813 den
622 753 779 831 Typhoeus
795 753 869 812 nach
885 752 993 830 Hymn.
1006 753 1097 812 Hom.
1109 754 1163 831 Ap.
1176 753 1204 812 P.
1214 773 1234 812 v.

184 842 243 902 129
259 835 361 923 νόσφι
376 833 476 912 Διός,
501 839 540 898 im
557 838 651 898 Hasse
671 856 763 915 gegen
779 838 835 896 den
851 837 925 896 Zeus
948 855 1002 897 aus
1019 838 1072 897 der
1088 838 1236 898 Unterwelt

181 927 345 1004 emplhngt‚
372 925 417 983 hei
437 924 546 983 Hesiod
572 923 619 982 die
638 924 715 983 Erde
735 922 825 982 selbst
846 922 941 981 dieses
962 922 1122 982 leindliehe
1142 923 1235 982 Wesen

185 1005 356 1092 Ταρτάρου
377 1002 410 1069 ἕν
430 1003 586 1090 φιλότητι
607 1008 724 1084 gehiert.
754 1007 836 1066 Beim
854 1006 1040 1084 Pherekydes
1057 1027 1118 1066 wan
1134 1007 1235 1085 Ophio-

180 1113 253 1155 neus
270 1095 321 1154 der
341 1101 418 1153 erste
436 1092 682 1166 Weltherrseher,
704 1093 756 1152 der
777 1093 850 1151 nach
871 1091 1001 1168 heiligen
1016 1092 1163 1172 Kimplen
1178 1111 1234 1151 von

179 1181 298 1242 Kronos
314 1183 443 1257 gestinzt
459 1178 572 1248 wurde,
588 1197 612 1237 s.
628 1178 729 1238 Celsus
744 1176 772 1235 h.
790 1176 868 1254 Orig.
884 1195 908 1235 c.
926 1175 1001 1236 Cels.
1017 1177 1063 1248 Vl,
1080 1196 1111 1255 p.
1126 1177 1184 1237 303
1198 1176 1233 1236 ed.

181 1266 325 1342 Speneer:
350 1257 445 1324 θεῖόν
466 1282 542 1322 τινα
564 1257 711 1339 πόλεμον
733 1253 943 1321 αἰνίττεσθαι
968 1256 1047 1334 τούς
1069 1255 1233 1334 παλαιούς,

176 1340 390 1431 Ἡράκλειτον
411 1341 469 1425 μὲν
491 1341 626 1426 λέγοντα
650 1335 767 1407 ὧδε-
781 1381 837 1419 -,
862 1339 1051 1428 Φερεκύδην
1075 1342 1114 1406 δὲ
1137 1367 1163 1405 ιτ
1181 1341 1234 1427 lle]

181 1426 395 1515 α’ρχαιότερον
418 1425 588 1512 γενόμενον
607 1423 819 1512 Ἡρακλείτου
841 1431 1051 1508 μυθοποιεῖν
1073 1423 1232 1513 στρατείαν

180 1512 338 1599 στρατείᾳ
367 1512 657 1598 τιάραταττομένην
684 1510 742 1576 καί
769 1512 828 1597 τῆς
854 1508 914 1592 μὲν
941 1506 1091 1615 ηγεμόνα
1119 1510 1232 1596 Κρόνον

183 1597 316 1662 διδόναι
345 1604 379 1676 (l.
404 1595 642 1672 ἀποδιδόναι),
668 1597 726 1681 της
753 1592 868 1680 ἑτέρας
897 1594 934 1659 δὲ
960 1594 1132 1682 Οφιονὲα,
1162 1618 1232 1680 αρυ-

181 1680 315 1767 κλήσεις
340 1704 376 1744 τε
402 1681 459 1744 καί
487 1677 627 1761 ἁμίλλας
656 1677 760 1744 αὐτῶν
783 1676 906 1763 ἱστορεῖ
928 1679 1101 1766 συνθήκας
1129 1705 1164 1744 τε
1185 1675 1231 1743 αι’·-

181 1771 252 1842 τοῖς
279 1762 466 1849 γίγνεσθαι,
495 1763 537 1827 ἵν’
569 1762 727 1850 ὁπότεροι
750 1761 797 1841 εἰς
818 1764 874 1827 τόν
893 1760 1029 1849 Ὠγῆνον
1059 1763 1230 1848 ἐμπέσωσι,

180 1849 316 1926 τούτους
337 1849 397 1930 μὲν
420 1841 504 1912 εἶναι
526 1847 758 1934 νενικημένους,
780 1849 857 1925 τούς
880 1845 1100 1928 δ’ἒξιύσαντας
1114 1851 1168 1914 καί
1188 1874 1232 1912 νι-

180 1932 344 2020 κήσαντας
370 1932 506 2010 τούτους
532 1929 617 2013 ἔχειν
644 1934 701 1997 τόν
724 1930 875 2019 ούρανόν;
903 1939 956 1997 mit
980 1939 1107 1999 welchee
1130 1938 1230 2016 hngahe

181 2025 226 2083 die
244 2025 401 2102 folgenden
417 2025 520 2093 verse,
543 2023 651 2082 welche
667 2022 805 2101 Orpheus
826 2023 904 2081 heim
921 2023 1059 2100 Apellen.
1078 2025 1172 2084 Rhod.
1186 2025 1229 2084 hr-

180 2127 248 2185 gon.
263 2111 286 2179 1,
304 2109 401 2169 50311.
419 2108 509 2184 singt:

279 2185 391 2275 ἤειδεν
413 2183 445 2251 δ)
468 2183 513 2263 nie
535 2187 667 2271 ντριῦτος
685 2182 807 2274 Ὀφίων
829 2184 998 2274 Εὐρυνόμη
1022 2213 1060 2252 τε

277 2271 425 2349 Ὠκεανὶς
446 2268 616 2358 νιφόεντος
638 2269 710 2351 ἔχον
732 2270 851 2355 κρότος
875 2268 1082 2353 Ούλύμιτοιο,

281 2353 326 2434 ὡς
339 2381 376 2421 τε
391 2354 448 2444 βίη
464 2356 521 2421 καί
535 2355 645 2440 χερσίν
661 2355 679 2421 δ
693 2355 751 2438 μὲν
766 2356 883 2442 Κρόνφ
900 2353 1020 2421 είκαδε
1035 2359 1145 2445 τιμῆς,

280 2439 300 2528 ἦ
325 2441 362 2506 δὲ
381 2424 458 2528 Ῥύη,
482 2437 602 2506 ἔπεσον
626 2438 657 2505 δ’
680 2440 728 2506 ἑνί
750 2440 891 2522 κύμασιν
911 2439 1089 2517 Ὠκεανοῖο,

179 2551 212 2591 ευ
230 2550 322 2609 genau
339 2530 610 2600 siheeeinstimmen
628 2531 691 2589 deis
708 2548 776 2589 man
793 2531 869 2590 wohl
884 2532 936 2590 mit
951 2532 1063 2609 einiger
1075 2530 1232 2592 Zuversiehl

178 2619 342 2676 annehmen
364 2617 453 2686 kann,
481 2617 576 2676 dieser
597 2615 713 2675 [lichter
735 2616 795 2674 und
819 2615 908 2674 andre
929 2615 1093 2693 Zeugnisse
1116 2624 1232 2695 spiterer

179 2700 252 2772 Zeit,
269 2701 376 2759 welche
392 2719 449 2759 vnn
466 2700 584 2779 Ophion
600 2700 641 2760 als
659 2701 725 2759 dem
743 2701 938 2760 Urherrseher
958 2702 1052 2760 reden
1064 2703 1129 2776 16),
1151 2701 1231 2761 haben

180 2845 309 2897 Ἀσωποῦ
327 2846 480 2914 θυγατρός,
500 2843 528 2904 ός
545 2845 636 2901 ἐλθὼν
648 2853 688 2906 εἰς
699 2851 847 2919 Σαλαμῖνα
864 2868 909 2900 και
923 2866 1013 2919 ενρων
1040 2853 1119 2920 Οφιν
1131 2851 1233 2917 βασιλέα

180 2911 271 2965 ἀνεῖλε
287 2916 333 2963 καὶ
351 2911 432 2970 αὐτὸς
449 2914 616 2979 ἐβασίλευσε.
643 2919 754 2967 Belnnnt
772 2921 805 2968 ist
821 2920 860 2967 die
880 2920 1045 2983 kyehneisehe
1060 2921 1185 2983 Sehlange
1201 2914 1234 2968 ani
1275 2930 1277 2935 ·

181 2983 299 3042 Salamis,
313 2998 333 3030 s.
347 2983 484 3032 besondees
498 2984 669 3034 Schneidewin
685 2985 784 3035 Ztsehn
798 2983 814 3034 f,
829 2987 859 3036 Α,
875 2986 953 3050 1843,
967 2987 993 3035 S.
1008 2987 1067 3037 215.
1094 2989 1233 3038 Aulserden

179 3051 345 3108 Erechtheus,
358 3049 482 3116 lieknnps,
495 3053 539 3101 dee
553 3054 694 3117 delphisehe
708 3054 805 3102 Denehe
819 3071 843 3102 u.
858 3070 877 3102 s⁴
893 3069 923 3102 W.

251 3117 289 3177 16)
309 3118 436 3184 Lykophr.
455 3120 528 3168 Alex.
548 3121 611 3169 1192
634 3129 711 3170 nennt
727 3121 795 3170 Zeus
817 3114 921 3171 ίίνακτα
939 3121 994 3171 τῶν
1013 3117 1158 3190 Ὀφίωνος
1177 3115 1234 3191 epl-

179 3202 243 3238 νων.
269 3186 338 3234 ὓετο
352 3186 473 3236 Tzetzes:
491 3186 547 3255 πρὸ
565 3185 619 3255 γὰρ
637 3185 749 3254 Κρόνου
767 3189 812 3238 καὶ
827 3185 902 3243 Ῥέας
912 3183 1019 3256 Ὀφίων
1031 3191 1079 3239 καὶ
1092 3189 1232 3258 Εὐρυνόμη

179 3250 257 3320 ἢτοῦ
273 3250 407 3305 Ὠκεανοῦ
425 3255 480 3305 των
495 3258 571 3306 θεῶν
588 3255 600 3305 ἐ
619 3257 761 3317 ασίλεοον,
781 3250 828 3311 οὓς
843 3256 963 3312 Τιτᾶνας
979 3257 1108 3308 καλοῦσι.
1135 3255 1234 3325 Κρόνος

181 3321 211 3374 δὲ
223 3319 272 3374 τὸν
283 3320 406 3390 Ὀφίωνα
418 3320 585 3386 καταβαλών,
603 3326 656 3374 Ρέα
668 3322 699 3373 δὲ
712 3320 761 3387 τὴν
770 3319 938 3394 Εὐρυνόμην
947 3327 1189 3377 καταπαλαίσασα
1198 3321 1233 3375 καὶ

179 3390 339 3460 ἐμβαλοῦσα
352 3392 389 3456 τῷ
402 3388 536 3472 Ταρτάρῳ
550 3391 604 3442 τῶν
614 3392 690 3442 θεῶν
700 3390 893 3455 ἐβασίλευσαν·
908 3387 957 3446 οὓς
969 3387 1057 3444 πόλιν
1071 3389 1086 3443 ὁ
1098 3392 1171 3450 Ζεὺς
1181 3408 1233 3457 ταρ-

179 3454 308 3525 ταρώσας
324 3456 388 3524 ἔσχε
405 3455 434 3508 τὸ
453 3475 562 3525 κρατος.
592 3460 676 3508 Schol.
691 3460 817 3524 Aristoph.
831 3460 894 3509 Nuh.
909 3459 958 3508 247
977 3461 1096 3528 πρῶτον
1111 3461 1167 3530 μὲν
1182 3459 1233 3513 τοὺς

179 3523 247 3575 κατὰ
257 3522 381 3593 Ὀφίωνα
394 3528 439 3577 καὶ
450 3521 626 3594 Εὐρυνόμην,
641 3521 772 3597 δεύτερον
783 3526 813 3578 δὲ
824 3526 888 3582 τοὺς
897 3523 965 3576 κατὰ
976 3524 1095 3595 Κρόνον
1104 3532 1151 3580 καὶ
1159 3526 1232 3586 Ῥέαν,

179 3588 310 3648 οὕστινας
326 3587 447 3662 Ὄμηρος
463 3590 653 3661 Οὐρανίωνας,
671 3599 766 3662 τρίτον
779 3592 810 3645 δὲ
827 3591 904 3657 [τοὺς
921 3592 1004 3658 κατὰ]
1019 3599 1079 3646 Δία
1092 3594 1143 3660 τὴν
1156 3592 1233 3667 ἀρχὴν

179 3657 371 3711 καταλύσαντα
388 3659 437 3724 τὴν
454 3660 575 3722 ἐκείνων,
595 3657 642 3718 οὓς
652 3657 823 3730 Ὀλυμπίους
839 3660 982 3728 κληζομεν.
1016 3664 1103 3714 Schol.
1122 3661 1231 3729 Aeschyl.

178 3728 326 3812 pr⁰¹¹¹¹„953
347 3729 419 3795 λέγει
442 3726 475 3792 δὴ
497 3726 547 3806 τόν
563 3727 688 3798 Ὀφίωνα
709 3731 755 3780 καὶ
777 3729 825 3793 τὴν
841 3716 1011 3801 Εύρυνόμην
1032 3734 1079 3781 καὶ
1100 3732 1150 3784 τὸν
1166 3725 1232 3796 Κρό-

178 3797 1232 3933 illellll}lleleilllllllllllllllllhllllllllll‘llzill
1275 3842 1277 3847 ’

179 3934 269 3993 κείνης
287 3929 321 3995 δη
339 3931 386 3994 τῆς
401 3937 502 4000 μοίρας
516 3932 629 4000 ἐνερθέν
646 3929 749 3995 ἐστινὴ
764 3938 905 4004 Ταρταρίη
917 3937 1006 4001 μοῖρα
1019 3962 1068 3995 -,
1088 3934 1160 3987 ἔνθα
1172 3931 1232 3986 lein
1275 3982 1277 3990 ‚

178 3994 300 4063 ἐκβάλλει
314 3999 388 4049 θεῶν
401 3993 468 4050 ὅταν
480 4018 522 4056 τις
534 4000 670 4070 ἐξοβρίση,
684 4001 797 4064 ohgleich
807 4005 855 4053 mir
867 4004 906 4052 dio
916 4003 1061 4066 Beziehung
1073 4004 1120 4054 auf
1129 4006 1168 4055 die
1178 4004 1231 4052 See·

178 4066 373 4129 lenwanderung
385 4069 621 4118 wahrseheinliehee
633 4070 675 4119 int.
699 4069 851 4122 dulserdem
863 4071 958 4120 konunt
970 4069 1068 4136 Ophion
1080 4073 1121 4123 ιΙι
1134 4071 1229 4124 Urhorr·
