2558 4530
185 329 216 385 ts
542 332 581 382 De
600 331 749 398 Aeschyli
767 330 883 382 Persis.

142 529 168 569 aa
268 501 350 573 Quae
364 499 395 560 in
409 495 520 560 Phineo
536 498 693 562 obscurius
709 497 799 572 etita,
817 503 969 561 uteorum
985 505 1040 572 est,
1061 498 1112 580 qui
1135 497 1241 579 aliquid

183 585 252 646 olim
267 585 399 647 futurum
414 585 630 665 praenuntiant,
646 584 877 664 praesignificata
892 592 983 659 erant,
1006 603 1039 646 ea
1053 583 1084 646 in
1099 584 1200 646 Persis
1215 592 1241 646 et

180 672 212 733 in
228 671 333 734 Glauco
345 677 405 733 rata
420 672 504 745 fiunt,
520 678 549 732 et
563 671 717 733 manifesto
734 677 867 749 aguntur,
883 679 912 732 et
927 670 1044 750 quidem
1055 671 1104 743 ita,
1120 677 1154 732 ut
1164 671 1240 732 anti-

181 776 272 837 quum
286 757 355 819 illud
370 757 539 819 vaticinium
562 757 591 818 in
613 763 735 836 utraque
753 756 859 830 fabula,
885 756 917 818 in
938 756 1035 818 Persis
1056 756 1190 828 altario,
1212 757 1239 817 in

181 843 289 905 Glauco
306 863 322 904 a
339 843 447 905 Glauco
462 843 577 905 vatibus
597 843 769 923 excipiatur,
791 849 956 916 enarretur,
976 842 1178 921 amplificetur.
1208 842 1239 902 ln

141 944 167 987 ar
181 928 280 991 Persis
296 928 374 990 enim
388 930 448 991 hoc
467 931 507 990 ita
521 928 632 990 factum
652 935 705 1003 est,
725 935 759 989 ut
776 927 934 990 Persarum
955 928 1146 1007 potissimum
1166 927 1238 990 ratio

180 1016 347 1077 haberetur.
380 1015 414 1075 ln
434 1015 543 1076 Glauco
565 1011 627 1075 sine
648 1014 737 1076 dubio
759 1020 962 1075 consummata
982 1020 1043 1075 erat
1061 1013 1238 1074 Graecorum

181 1102 315 1163 omnium
330 1099 403 1172 laus,
418 1100 545 1174 libertas,
560 1100 711 1180 beataque,
726 1101 836 1180 quippe
846 1117 919 1179 quae
930 1106 1046 1161 aeterna
1056 1099 1119 1177 lege
1131 1099 1238 1161 sancita

180 1194 267 1260 esset,
283 1185 421 1247 conditio.
450 1186 513 1247 Nos
532 1193 644 1259 autem,
660 1186 798 1266 quoniam
815 1193 908 1247 cetera
924 1185 995 1247 edax
1014 1192 1144 1247 vetustas
1167 1201 1237 1246 con-

181 1272 296 1345 sumsit,
321 1271 357 1332 iis
376 1272 447 1352 jam,
474 1291 547 1352 qnae
567 1274 597 1333 in
618 1271 717 1333 Persis
739 1270 834 1332 fabula
854 1278 977 1345 exstant,
1000 1271 1040 1333 ita
1060 1277 1188 1344 utamur,
1209 1277 1238 1330 ut

182 1375 269 1437 qnam
284 1358 409 1419 maxime
424 1359 486 1419 fieri
501 1358 610 1439 poterit
621 1365 730 1419 certam
741 1356 907 1435 imaginem,
923 1364 952 1419 et
963 1357 1133 1419 continuam
1146 1373 1237 1436 quan-

180 1444 247 1505 dam
262 1463 362 1506 earum
384 1463 548 1520 causarum,
567 1453 691 1525 propter
709 1461 781 1525 quas
803 1445 907 1523 ingens
927 1443 997 1505 illud
1016 1443 1126 1504 malum
1142 1441 1237 1504 Persis

180 1530 325 1603 acciderit,
341 1530 447 1591 seriem
463 1531 634 1591 efficiamus.
756 1572 760 1577 -

264 1615 364 1674 Persis
385 1615 467 1688 Asia,
488 1613 603 1674 Graecis
623 1613 720 1675 Hellas
741 1614 955 1692 assignatam).
990 1613 1081 1690 Igitur
1099 1612 1144 1673 fas
1164 1620 1237 1685 esto,

180 1701 243 1759 suis
257 1706 399 1777 utrosque
411 1699 545 1759 terminis
558 1717 624 1759 sese
636 1697 787 1771 contineri,
802 1707 832 1759 et
845 1698 930 1759 nefas
946 1704 1020 1768 esto,
1036 1715 1154 1759 sacrum
1169 1697 1237 1760 illud

180 1782 362 1863 Hellesponti
378 1783 540 1844 confinium
556 1782 590 1844 ab
607 1790 673 1844 utro
690 1782 809 1844 turbari.
844 1783 951 1842 Verum
965 1781 1113 1844 enimvero
1130 1783 1237 1845 factum

180 1876 233 1942 est,
255 1877 288 1930 ut
301 1869 467 1930 turbaretur
486 1868 626 1930 aPersiS.
662 1869 781 1930 Factum
802 1874 862 1940 est,
883 1866 970 1946 igitur
988 1868 1238 1947 praedestinatum

180 1961 242 2015 erat
257 1954 343 2016 etiam
358 1955 424 2029 hoc,
440 1973 510 2016 nam
526 1953 625 2015 omnia
639 1953 853 2035 praedestinata
873 1959 953 2013 sunt.
988 1952 1238 2016 Praenestinatum

141 2064 167 2103 as
181 2048 276 2102 autem
292 2041 350 2102 hoo
364 2041 404 2102 ita
420 2048 488 2114 erat,
506 2047 548 2114 ut,
569 2039 707 2120 quoniam
722 2039 766 2100 ias
783 2045 844 2099 erat
858 2037 1016 2099 confinium
1032 2038 1100 2099 illud
1122 2040 1240 2113 servari,

180 2127 263 2188 nefas
280 2126 399 2198 turbari,
414 2126 434 2186 ii
449 2133 556 2198 autem,
572 2124 665 2205 quiid
682 2125 761 2204 quod
775 2124 858 2185 nefas
875 2130 922 2184 est
939 2123 1032 2185 facere
1046 2124 1239 2187 nihilominus

179 2229 240 2272 non
257 2218 399 2284 metuunt,
414 2210 606 2272 atrocissimis
627 2229 643 2270 a
663 2210 718 2272 diis
744 2209 848 2290 poenis
868 2208 1047 2283 afficiuntur,
1068 2229 1132 2270 eam
1152 2210 1241 2288 igitur

181 2296 219 2356 ob
233 2315 350 2357 causam
365 2295 476 2358 nefario
491 2296 530 2357 illi
545 2295 702 2372 Xerxim),
720 2296 769 2375 qui
785 2295 853 2356 illud
868 2294 977 2368 fecerit,
993 2303 1023 2356 et
1036 2295 1145 2368 PersiS,
1163 2313 1241 2374 quo-

179 2399 245 2442 rum
257 2381 366 2442 Xerxes
379 2400 429 2442 rex
444 2377 613 2458 osseam),
634 2380 853 2443 crudelissimae
871 2398 985 2460 poenae
1006 2380 1241 2461 praedispositus

123 2516 131 2531 .
180 2475 280 2529 essent
294 2475 381 2546 atque
395 2468 743 2547 praedeterminatae59).

263 2553 398 2633 Aequalia
418 2555 516 2616 omnia
537 2575 553 2616 a
574 2555 682 2615 Natura
701 2553 779 2615 facta
799 2558 883 2625 sunt,
905 2557 934 2613 et
952 2551 990 2612 ita
1009 2569 1061 2614 sua
1082 2550 1241 2632 unicuique

178 2639 294 2711 tributa,
310 2646 344 2700 ut
357 2639 405 2700 ille
421 2657 610 2701 communem
625 2640 711 2699 istam
724 2636 924 2716 aequalitatem
936 2645 1077 2699 servatam
1089 2636 1165 2699 velit.
1197 2639 1240 2700 lta

178 2861 227 2917 tur,
240 2852 418 2903 Themistoclis
431 2855 561 2906 consilium
570 2854 699 2904 luculento
709 2853 923 2918 splendidissimae
933 2855 1078 2917 tragoediae
1088 2854 1238 2906 documento

177 2922 309 2972 ad'nvans.

207 2938 218 2986 J
246 2990 287 3052 57)
300 2984 382 3074 ᾑμὲν
392 2984 509 3040 Ἑλλάδα
521 2993 613 3058 γαῖαν,
626 2984 641 3052 ἡ
654 2986 686 3039 δὲ
703 2984 844 3060 βάρβαρον
856 2986 947 3060 κλήρῳ
960 2991 1085 3071 leporius
1103 2989 1134 3040 el.
1146 3007 1171 3041 v.
1187 2991 1237 3042 762

178 3074 231 3124 sqq.
244 3055 273 3116 ἐξ
285 3072 350 3124 coya
362 3052 445 3125 τιμὴν
459 3055 528 3114 Ζεὺς
540 3054 609 3116 ἄναξ
621 3052 710 3121 τὴνδ’
726 3053 849 3122 ὤπασεν,
862 3055 899 3110 ἕν’
914 3054 985 3127 lisoio
1007 3053 1239 3123 ἁπάσηςΆσίδος

163 3171 166 3173 ,
177 3128 280 3193 ταγεῖν,
296 3123 395 3192 ἔχοντα
407 3127 551 3194 σκῆπτρον
563 3119 752 3195 εὐθυντήριον.
763 3156 798 3165 -
810 3128 846 3178 lie
859 3129 922 3178 Jove
935 3142 1009 3190 reges
1027 3128 1199 3179 constituente
1212 3145 1237 3178 v.

176 3193 255 3245 litans
268 3210 291 3259 p.
305 3193 347 3242 82.
365 3192 479 3257 Quantae
489 3210 564 3245 curae
578 3195 602 3244 id
615 3193 709 3245 Nostro
722 3193 806 3259 fuerit,
819 3203 848 3246 ut
860 3202 1030 3260 spectatorum
1042 3196 1117 3245 ammi
1130 3197 1161 3245 ad
1175 3198 1238 3246 banc

176 3264 287 3313 idearum
299 3263 501 3326 consequentiam
513 3263 604 3313 attenti
617 3263 762 3326 reddantur,
775 3265 798 3312 id
812 3279 845 3314 ex
858 3279 887 3312 eo
907 3264 980 3313 etiam
999 3265 1090 3328 elucet,
1109 3265 1174 3328 quod
1185 3264 1238 3315 Ds-

175 3333 286 3448 riumfex
298 3329 383 3395 primis
396 3330 533 3396 quibusque
552 3331 709 3381 Persicarnm
728 3334 812 3381 rerum
828 3331 970 3397 primordiis
987 3333 1124 3383 orationem
1142 3332 1236 3382 dueen-

176 3407 227 3450 tem
249 3399 307 3449 ecit.

245 3467 286 3530 58)
300 3462 419 3534 θούριος
431 3463 540 3532 Ξέρξης,
553 3461 722 3535 incomptos,
735 3464 867 3534 ἔκθυμος.

244 3535 302 3599 seb)
316 3534 355 3585 Ex
376 3535 458 3600 prisco
477 3535 536 3598 jure
558 3543 677 3600 peccante
698 3551 758 3598 rege
775 3549 824 3584 una
841 3534 958 3600 plectitur
980 3538 1093 3605 pupulus,
1118 3545 1235 3589 monente

176 3602 314 3654 Welclxero
327 3602 408 3653 Proin.
422 3619 446 3670 p.
457 3602 515 3652 384.
528 3601 561 3652 cf.
574 3603 643 3653 Pind.
657 3603 730 3670 Pytb.
745 3607 781 3652 X.
791 3603 834 3652 47.

244 3671 286 3735 59)
299 3674 423 3739 γίγνεται
436 3668 490 3739 γὰρ
504 3667 537 3721 οὐ
549 3666 583 3721 τὰ
595 3669 656 3739 μὲν,
668 3666 702 3721 τὰ
716 3665 786 3733 δὀὔ,

174 3739 192 3788 ἰ.
206 3755 228 3789 e.
241 3755 290 3788 non
303 3747 362 3800 tam,
373 3740 453 3789 omnia
467 3739 602 3800 rabellum,
615 3755 699 3803 qnam:
712 3740 761 3789 alia
773 3755 820 3788 non
832 3741 965 3802 restabunt,
979 3754 1034 3790 cum
1044 3738 1093 3788 alia
1103 3747 1157 3790 rata
1166 3740 1236 3793 laeta

175 3807 234 3856 sint.
257 3806 361 3856 Factum
374 3814 423 3870 est,
439 3816 467 3858 ut
481 3807 584 3857 Xerxes
602 3807 792 3872 Hellespontum
810 3806 932 3872 junxerit,
950 3807 1081 3858 Graeciam
1102 3808 1233 3862 invaserit.

174 3874 227 3924 Hoc
239 3872 309 3925 nolas
322 3882 386 3924 erat.
410 3874 490 3938 lgitur
506 3877 580 3926 etiam
598 3875 660 3925 illud
677 3876 729 3937 flet,
747 3882 775 3925 nt
791 3874 894 3927 Xerxes
913 3890 1008 3943 poenas
1029 3875 1106 3926 malas
1128 3877 1234 3929 daturus

174 3943 216 3993 sit.
228 3969 263 3980 -
273 3942 339 3993 ldcm
357 3943 449 3993 dicitur
460 3945 511 3996 illis
523 3944 609 3996 verbis
621 3943 818 3994 venustissimis:
831 3971 865 3984 -
876 3941 945 3996 ὅταν
962 3939 1068 4014 σπεύδῃ
1085 3944 1133 4007 τὶς,
1151 3941 1235 4006 αὐτὸς

171 4006 214 4079 χὼ
225 4005 293 4067 θεὸς
304 4006 480 4070 iuvenesnon.
