2558 4530
620 788 707 849 vm.

310 958 363 1037 llll
388 955 534 1037 olussl
559 951 722 1034 nolluit
748 948 1014 1031 CllRlllTlllUll.

137 1231 265 1294 (Discorso
279 1227 320 1277 del
337 1223 400 1292 proi.
414 1225 442 1275 L.
459 1224 624 1285 Pounnata,
639 1224 702 1273 letto
720 1220 778 1272 nell’
795 1223 924 1271 adunanza
941 1218 1000 1270 dell’
1016 1219 1137 1270 instituto
1153 1235 1190 1269 ar-

137 1297 281 1359 theologico
290 1294 416 1344 iutitolata
425 1294 449 1343 al
459 1294 542 1343 natale
552 1291 780 1354 diWinchelmann,
790 1291 808 1340 li
817 1290 832 1339 9
840 1288 970 1339 decembre
982 1287 1190 1338 mlo-hanan

138 1365 195 1417 dell’
206 1364 324 1415 instituto
333 1362 516 1426 archeologico,
526 1359 584 1412 Vol.
591 1360 649 1424 XV,
660 1357 778 1408 lascicolo
786 1358 893 1408 secondo
902 1355 996 1420 (1843),
1006 1371 1031 1421 p.
1038 1355 1189 1419 too-loo.)

568 1495 769 1503 ——--—--

88 1617 127 1657 ooo
227 1583 270 1660 De
285 1596 402 1656 nomine
418 1590 600 1674 Caryatidum
618 1609 792 1672 quamquam
806 1590 889 1651 multi
903 1589 1134 1668 disputaverunt,
1150 1597 1192 1649 ta-

139 1700 208 1743 men
221 1681 340 1741 minime
352 1681 424 1739 adeo
440 1679 579 1757 explicata
592 1685 662 1739 sunt
677 1676 784 1748 omnia,
800 1683 832 1736 nt
845 1676 940 1736 nullus
953 1675 989 1735 ad
1002 1675 1191 1736 dubitandum

138 1765 319 1844 relinquatur
332 1763 424 1823 locus.

225 1848 393 1909 Traduntur
407 1854 502 1907 autem
524 1846 597 1907 duae
612 1846 800 1926 potissimum
824 1844 886 1904 eins
902 1844 1031 1905 nominis
1049 1844 1193 1922 interpre-

140 1933 282 2004 tationes,
305 1951 428 2011 quarum
451 1932 568 1992 alteram
586 1931 692 1992 dixeris
707 1928 893 2005 historicam,
914 1930 1030 1990 alteram
1048 1929 1188 2002 riualem,

140 2027 197 2092 aut,
214 2019 238 2080 si
254 2017 353 2090 mavis,
372 2017 568 2078 aestheticam.
1073 2073 1075 2077 ,

224 2104 302 2164 Illius
314 2109 417 2163 auctor
428 2108 472 2161 est
482 2099 628 2160 Vitruvius
645 2100 681 2160 de
693 2098 800 2159 Archit.
815 2098 835 2170 l,
853 2099 878 2168 l,
894 2098 944 2160 ubi
956 2099 1092 2176 leguntur
1106 2099 1190 2158 hacc:

141 2189 255 2266 „Carya
271 2186 369 2247 civitas
386 2185 622 2263 Peloponnensis
639 2203 705 2245 cum
721 2183 819 2244 Parsis
835 2183 970 2243 hostibus
984 2190 1086 2243 contra
1102 2183 1191 2243 Grae·

142 2271 214 2331 ciam
231 2268 394 2331 consensit:
415 2277 517 2348 postea
533 2268 635 2330 Graeci
656 2287 709 2348 per
724 2267 873 2329 victoriam
889 2268 1015 2346 gloriose
1029 2267 1105 2328 hello
1121 2268 1190 2328 libe·

141 2355 195 2416 rati
212 2355 361 2416 communi
373 2355 496 2415 consilio
511 2352 679 2434 Caryatibus
694 2353 801 2414 bellum
819 2352 995 2413 indixerunt.
1025 2353 1126 2430 ltaque
1139 2372 1191 2431 op-

141 2441 210 2520 pido
227 2448 326 2519 capto,
347 2440 416 2500 viris
433 2440 607 2512 interiectis,
629 2439 740 2499 civitate
757 2438 863 2510 deleta,
878 2446 1028 2498 matronas
1044 2455 1148 2498 eorum
1164 2438 1192 2497 in

141 2525 310 2586 servitutem
323 2526 515 2598 abduxerunt,
531 2543 585 2586 nec
600 2532 669 2584 sunt
683 2523 763 2602 passi
779 2521 870 2582 stolas
883 2539 977 2600 neque
993 2529 1114 2583 ornatus
1131 2542 1191 2583 ma-

140 2611 267 2671 tronales
280 2610 438 2689 deponere,
452 2609 494 2670 uti
506 2627 568 2669 non
578 2627 639 2669 uno
652 2607 802 2686 triumpho
816 2608 996 2680 ducerentur,
1012 2607 1061 2666 sed
1075 2614 1191 2668 aeterno

141 2695 287 2754 servitutis
308 2693 440 2770 exemplo
461 2693 538 2770 gravi
558 2692 732 2752 contumelia
748 2710 865 2770 pressae
880 2710 990 2769 poenas
1007 2691 1135 2769 pendere
1151 2691 1191 2751 vi-

142 2777 279 2837 derentur
294 2794 349 2855 pro
366 2776 485 2839 civitate.
515 2776 583 2835 Ideo
600 2775 647 2855 qui
664 2783 734 2836 tnnc
748 2776 895 2836 architecti
910 2777 1036 2848 fuerunt,
1054 2776 1192 2836 aediliciis

139 2860 263 2940 publicis
279 2859 502 2937 designaverunt
521 2878 619 2920 earum
636 2860 775 2938 imagines
792 2861 874 2921 oneri
892 2861 1013 2922 ferendo
1030 2861 1192 2932 collocatae,

140 2952 173 3006 ut
188 2944 274 3004 etiam
294 2944 422 3022 posteris
442 2951 511 3004 nota
526 2962 621 3024 poena
641 2945 750 3024 peccati
766 2944 930 3024 Caryatium
952 2947 1113 3007 memoriae
1133 2953 1190 3007 tra·

141 3030 287 3090 deretur.“

224 3112 295 3173 Mira
310 3112 409 3191 utique
423 3131 470 3174 res
487 3121 515 3174 ct
530 3132 602 3192 quae
615 3121 728 3175 tantum
744 3122 887 3194 repugnat
903 3115 1041 3176 historiae
1055 3117 1193 3195 vulgatae,

88 3220 126 3262 am
141 3205 174 3258 ut
188 3205 300 3259 mature
314 3197 488 3271 exstiterint,
511 3199 560 3277 qni
575 3199 682 3260 nnllam
702 3200 727 3259 ei
748 3200 835 3259 fidem
851 3199 1013 3260 habendam
1028 3219 1093 3261 esse
1109 3202 1193 3262 dicti·

138 3283 227 3344 tarint
238 3283 275 3361 1).
306 3283 404 3362 Neque
419 3283 467 3363 qui
489 3302 551 3344 eam
568 3284 772 3358 defensarunt,
793 3283 994 3362 probabilibus
1011 3287 1192 3363 argumentis

139 3393 281 3402 --—-—.
284 3397 340 3403 -.--

209 3448 231 3510 1)
250 3448 313 3498 Prae
335 3452 427 3501 ceteris
449 3450 564 3516 Lessing.
586 3452 710 3518 antiquar.
730 3449 864 3514 huicine,
887 3451 947 3517 Opp.
966 3451 1022 3502 Vol.
1035 3453 1073 3516 X,
1096 3470 1120 3520 p.
1134 3454 1193 3504 369.

140 3514 218 3580 Quem
234 3516 322 3566 deinde
339 3520 419 3569 secuti
437 3527 495 3570 sunt
507 3521 636 3583 Boettiger
653 3520 715 3569 iiber
732 3520 772 3568 die
785 3536 805 3569 s.
819 3536 843 3583 g.
857 3518 1011 3585 liaryatiden
1028 3537 1067 3571 am
1081 3521 1193 3572 Pandro-

137 3597 206 3631 aeum
216 3584 264 3632 und
274 3583 336 3634 iiber
348 3587 395 3635 dea
406 3586 562 3637 Missbrauch
574 3588 658 3636 dieser
667 3589 825 3649 Beneunung,
840 3586 945 3637 Amalth.
959 3586 1065 3650 Vollll,
1075 3605 1099 3654 p.
1110 3589 1193 3638 137-

140 3650 199 3714 167,
218 3649 332 3702 meinata
344 3654 376 3702 ad
389 3654 497 3719 Euphor.
512 3671 534 3719 p.
545 3653 592 3719 93,
606 3654 652 3704 0d.
666 3654 773 3705 Mueller
786 3655 902 3704 Doriens.
916 3654 933 3720 l,
947 3671 970 3719 p.
984 3656 1042 3719 374,
1055 3656 1084 3720 ll,
1098 3673 1122 3722 p.
1133 3657 1191 3721 321,

136 3716 188 3765 alii.
202 3714 239 3766 Cf.
251 3718 318 3767 inter
331 3718 425 3782 Anglos
437 3721 565 3771 Blcmlield
578 3737 646 3770 some
660 3722 773 3771 remarks
791 3738 821 3771 on
835 3725 877 3772 the
889 3721 1039 3788 Caryatidas
1053 3723 1081 3773 of
1090 3725 1192 3774 ancient

136 3784 314 3846 architectum,
328 3785 391 3837 Mus.
404 3787 465 3838 Crit.
475 3787 528 3851 Vll,
541 3805 565 3854 p.
574 3788 624 3838 400
637 3805 700 3854 sqq,
713 3796 740 3838 et
751 3788 932 3839 Adnotationes
944 3791 976 3839 ad
985 3791 1085 3858 Antiqq.
1094 3792 1192 3842 Stnorti

139 3857 165 3900 et
177 3849 279 3901 lievetti
291 3851 348 3903 Vol.
360 3852 378 3920 l,
390 3869 414 3919 p.
427 3854 477 3905 488
490 3871 543 3922 sqq.

81 3936 89 3963 i
