2558 4530
458 336 585 391 Lesbio
602 336 784 392 historico.
1116 336 1149 390 57

88 491 216 569 spondet
229 492 328 570 regnis
343 493 451 573 Lyncei
472 501 500 554 et
514 493 605 555 Danai
623 492 701 572 apud
716 492 853 571 Argivos,
873 491 1032 554 Pandionis
1044 493 1059 554 Ι
1073 493 1152 572 apud

88 577 292 669 Athenienses.

175 661 207 736 3)
231 663 402 740 Alcyone,
418 663 475 724 filia
496 661 625 723 Stheneli
642 668 670 722 et
685 661 841 742 Eurysthei
856 679 951 733 soror,
964 661 1000 722 cl.
1016 662 1149 741 Apollod.

87 745 123 818 ΙΙ,
139 746 168 817 4
183 748 211 817 4
232 747 282 807 ubi
299 764 372 826 quae
387 749 557 808 nominatur
570 739 724 843 Ἀλκινόη
746 746 868 807 eandem
892 765 957 806 esse
971 747 1041 807 vidit
1060 748 1150 843 lleyn.

87 831 122 889 ad
136 832 190 908 Ap.
204 831 250 903 ΙΙΙ,
266 833 314 904 10,
329 835 356 892 l.
382 833 423 892 lle
435 833 521 893 huius
534 832 676 892 sacerdot'
656 839 698 892 tro
714 832 830 909 insigne
844 839 938 891 exstat
948 831 1151 891 testimonium

88 915 228 975 Hellanici
231 916 326 1015 apud
337 917 466 1062 ἐΙΙΙρΙΙΙΙ.
486 918 522 977 H.
540 919 572 977 Α.
589 917 622 976 R.
644 917 656 975 Ι
697 917 738 976 22
759 913 799 976 τὸ
820 910 881 1019 μὲν
903 903 960 976 οὖν
981 912 1153 977 Σικελικὸν

90 992 181 1079 γένος
208 992 311 1074 οὕτως
337 995 487 1076 ἐξέλιπεν
512 992 716 1074 'Idalion‘
691 1021 736 1074 ως
761 996 821 1080 μὲν
843 992 967 1061 ί(Ελλ.
950 1019 969 1061 o
996 995 1153 1101 Λέσβιός

89 1101 182 1185 φησι,
205 1075 298 1168 τρίτη
311 1084 414 1189 ηενεᾷ
436 1080 623 1190 πρότερον
618 1083 683 1146 τῶν
710 1082 880 1188 Τρωὶκῶν,
902 1076 1115 1187 Ἀλκαόιης“
1105 1104 1152 1145 ιε-

89 1163 236 1251 ρωμὲνης
256 1147 291 1230 ἐν
311 1163 425 1254 Ἀργει
440 1167 526 1232 κατὰ
547 1167 587 1232 τὸ
604 1164 698 1231 ἕκτον
712 1165 771 1231 καὶ
793 1162 945 1231 εἰκοστὸν
967 1162 1050 1245 ἔτος,
1074 1169 1152 1230 unde

88 1253 176 1313 simul
187 1261 267 1331 patet
275 1255 475 1317 Hellanicum
468 1275 498 1316 ΙΙΙ
511 1274 600 1351 opere
612 1275 666 1316 suo
680 1255 859 1351 singularum
874 1254 1059 1315 sacerdotum
1076 1263 1152 1315 tem·

91 1356 164 1415 pora
180 1357 247 1399 curn
263 1358 329 1401 aera
345 1342 473 1401 Troiana
489 1341 684 1413 commisisse,
699 1341 815 1401 minora
830 1348 926 1401 autem
942 1340 985 1400 int
972 1340 1087 1401 terralla
1104 1358 1152 1401 se·

88 1422 218 1482 cundum
234 1443 337 1501 genera
353 1426 555 1503 descripsisse.

177 1508 209 1583 4)
231 1508 387 1570 Admeto.
419 1510 460 1569 Ile
480 1510 535 1569 hac
554 1527 603 1568 eus
604 1515 646 1569 ΙΙΙ
604 1508 777 1568 tnotatio
794 1508 932 1586 syncelli,
952 1525 1025 1585 quae
1047 1526 1082 1566 ex
1097 1507 1152 1567 Ca-

91 1590 182 1651 storis
199 1592 352 1653 Chronicis
368 1594 488 1654 duxisse
503 1594 580 1654 videt
568 1600 630 1663 t,ur
646 1594 724 1653 unde
739 1593 884 1653 Eusebius
899 1599 986 1669 atque
1002 1591 1151 1670 syncellus

91 1693 178 1752 regna
198 1677 385 1754 Argivorum,
406 1680 629 1758 Mycenaeorum
652 1685 681 1738 et
696 1678 900 1780 Sicyoniorum
923 1676 1151 1778 descripserunt

90 1759 241 1837 Leguntur
256 1762 294 1822 ihi
307 1763 417 1842 haecp.
433 1764 492 1824 172
505 1764 550 1823 ed.
565 1763 673 1824 Paris:
690 1754 837 1845 Ἀδμήτη
851 1763 931 1839 (libb.
945 1753 1150 1840 Ἀδάμαντα)

90 1856 250 1966 θυγάτηρ
263 1855 463 1964 Ευρυσθέως
484 1859 519 1926 ἐν
536 1855 696 1966 ’Ἀργει
686 1857 869 1941 ιεράτευσεν
895 1856 950 1946 ἔτη
975 1861 1027 1967 λη.
1056 1857 1092 1925 αἱ
1115 1860 1153 1926 δὲ

91 1937 162 2007 ἀπὸ
187 1941 308 2032 ταύτης
336 1970 396 2032 την
423 1941 600 2032 ἱερωσύνην
628 1943 864 2026 διαδεξάμεναι
893 1941 1039 2021 Φαλίδες
1072 1943 1151 2010 ἕκα-

90 2027 213 2093 λοῦντο.
248 2035 356 2095 Eadem
372 2036 542 2095 nominatur
561 2053 607 2112 ap.
627 2034 761 2112 Apollod.
776 2034 817 2103 ΙΙ,
834 2033 868 2103 5,
889 2032 961 2093 9et
981 2053 1016 2093 en
1035 2035 1150 2129 hocap.

92 2116 189 2179 Tzetz.
206 2118 241 2178 ad
258 2108 401 2199 lycophr.
417 2139 442 2179 Ι.
458 2120 563 2180 Ι327’
556 2137 585 2178 ΙΙΙ
601 2119 722 2178 historia
739 2117 886 2188 Herculis,
908 2117 990 2178 cuius
1013 2137 1101 2196 opera
1122 2120 1152 2178 in
1165 2141 1191 2182 ΙΙ

91 2201 178 2261 huius
195 2205 358 2264 sacerdotio
378 2213 542 2283 perpetrata
562 2223 628 2264 esse
648 2203 805 2282 ponebant.
843 2204 908 2276 Quo
929 2202 1057 2282 pertinet
1076 2222 1152 2281 opus

91 2287 239 2364 sculptum
256 2288 347 2347 llusei
362 2290 485 2363 Albani,
499 2289 609 2348 editum
632 2297 718 2366 atque
738 2288 912 2347 illustratum
933 2307 949 2348 Ι
969 2288 1063 2365 Zoega
1079 2288 1151 2348 Bas-

94 2369 165 2429 siril.
180 2378 201 2432 t.
215 2370 294 2430 LXX
306 2379 334 2432 et
346 2373 453 2431 llillino
470 2373 541 2431 Gall.
556 2372 646 2449 myth.
661 2379 683 2431 Ι.
699 2370 821 2441 CXXIV,
839 2372 911 2442 aliis,
926 2391 1067 2451 perquam
1084 2373 1152 2433 illud

94 2454 298 2525 memorabile,
319 2456 370 2514 sed
391 2455 426 2514 de
446 2457 528 2515 cuius
550 2455 762 2530 significatione
781 2455 864 2514 valde
887 2457 1057 2515 dissentitur
1077 2458 1153 2517 inter

94 2539 175 2597 viros
188 2538 292 2598 doctos
303 2540 314 2578 Ι
324 2539 362 2616 2Ι.
388 2541 558 2617 Proponam
572 2538 651 2616 quod
664 2538 734 2597 mihi
747 2539 987 2598 verisimillimum
1000 2547 1054 2598 est.
1076 2541 1153 2600 Ana·

92 2622 233 2701 glyphum
248 2622 418 2700 bipartitum
434 2630 492 2695 est,
517 2630 548 2683 ut
563 2622 616 2683 alia
631 2622 660 2682 in
682 2622 834 2701 superiore
853 2630 935 2701 parte
956 2623 1154 2701 conspiciatur

92 2708 331 2784 repraesentatio,
352 2708 405 2767 alia
426 2708 455 2767 in
476 2707 623 2767 inferiore.
658 2707 736 2767 llaec
755 2715 901 2768 monstrat
919 2707 1005 2768 talem
1027 2727 1154 2783 scenam,

93 2793 191 2871 quales
208 2793 288 2852 iniis
306 2792 452 2871 operibus,
474 2793 581 2871 quibus
595 2792 713 2852 victoria
734 2792 864 2871 gymnica
883 2791 927 2852 vel
947 2793 1057 2854 musica
1077 2796 1152 2855 cele-

91 2878 202 2947 bratur,
219 2877 343 2954 exprimi
360 2878 462 2938 solent.
493 2877 619 2938 Victoria
634 2877 778 2937 sacerdoti
794 2896 896 2956 aquam
914 2878 943 2939 in
959 2888 1089 2957 pateram
1107 2880 1151 2938 in-

90 2963 197 3033 fundit,
219 2962 351 3023 adstante
365 2963 455 3023 heroe
471 2962 572 3022 habitu
591 2963 741 3041 gymnico,
765 2972 895 3041 pateram
918 2982 1006 3023 manu
1027 2972 1152 3036 tenente,

92 3067 179 3127 quarn
204 3049 239 3107 ad
264 3047 419 3106 Victoriam
442 3047 584 3108 admovet.
627 3048 768 3126 Apposita
792 3056 837 3108 est
858 3066 905 3107 ara
933 3055 1019 3126 atque
1045 3049 1151 3127 tripus,
1190 3119 1197 3129 θ

93 3133 175 3193 cuius
201 3133 424 3192 fundamentum
450 3132 606 3192 litteratum
637 3141 696 3205 est,
722 3131 800 3192 unde
822 3133 992 3209 intelligitur
1010 3135 1151 3211 templum

92 3217 233 3296 Apollinis
251 3217 457 3294 llaphnephori
473 3216 603 3276 Thebani
622 3219 843 3295 repraesentari.
882 3218 976 3276 Herus
997 3217 1043 3276 ille
1058 3218 1152 3277 mani-

92 3304 169 3362 festo
185 3302 324 3362 Hercules
341 3310 394 3371 est,
415 3310 484 3379 post
498 3302 647 3361 victoriam
665 3302 789 3379 Apollini
806 3302 856 3371 illi,
878 3303 960 3361 cuius
976 3302 1087 3360 iuvenis
1104 3320 1152 3360 so-

96 3388 199 3446 cerdos
213 3388 318 3461 fuerat,
333 3381 530 3467 χαριστήρια
545 3387 652 3455 libano,
669 3387 756 3445 credo
770 3394 838 3461 post
854 3385 977 3461 primam
991 3384 1152 3456 victoriam,

94 3479 127 3531 ut
147 3473 202 3532 hoc
222 3490 310 3549 opere
334 3471 428 3547 prima
444 3472 506 3530 eius
527 3470 662 3529 curriculi
688 3469 831 3543 ingressio
856 3468 1050 3543 significetur,
1073 3472 1152 3546 quod

94 3564 250 3635 postquam
267 3556 391 3632 impigre
406 3571 579 3632 permensus
595 3559 664 3622 erat,
680 3558 900 3610 consummatae
913 3551 1055 3611 felicitatis
1068 3573 1152 3632 prae-

163 3755 204 3813 72)
224 3755 256 3806 V.
270 3756 375 3804 Platner
386 3756 409 3802 in
423 3755 584 3802 enarratione
598 3753 678 3803 Musei
696 3755 771 3803 villae
782 3754 883 3815 Albani,
906 3754 1091 3817 Boschrcibnng
1108 3759 1153 3805 der

94 3822 168 3872 stadt
178 3823 238 3871 llum
253 3831 301 3872 etc.
321 3821 376 3871 Vol.
390 3821 428 3882 ΙΙΙ,
440 3822 462 3881 2,
476 3838 498 3884 p.
513 3822 562 3870 518
576 3839 628 3888 sqq.
648 3820 685 3871 cl.
699 3823 728 3871 0.
742 3823 803 3870 lahn
819 3822 990 3887 Vaseubilder‚
1004 3823 1065 3883 Hbg.
1080 3824 1152 3881 1839,

93 3906 117 3955 p.
133 3890 180 3949 303
200 3893 249 3952 [die
267 3891 387 3940 Gerniilde
405 3891 449 3937 des
464 3890 616 3955 Polygnotos
634 3893 657 3939 in
670 3893 715 3939 der
731 3890 827 3939 Lesclre
844 3907 874 3938 zu
889 3891 975 3955 Delplri
993 3908 1015 3956 p.
1033 3892 1063 3940 72
1076 3907 1113 3956 sq.
1127 3897 1154 3937 et

94 3959 314 4020 urchaeologisclro
327 3958 436 4020 Zeitung
450 3957 522 4022 1844,
536 3974 559 4024 p.
573 3958 639 4020 301.]
