2558 4530
170 381 203 431 36
587 376 630 426 Do
646 375 813 427 Hellanico

169 565 243 627 quae
263 545 418 606 maximam
438 552 551 624 partem
572 563 607 604 ex
627 543 731 605 eodem
753 540 896 602 Hellanico
924 539 1044 600 ssuxisse
1074 537 1223 600 videntur:

171 626 379 714 πρῶτονμὲν
401 625 461 711 γὰρ
485 623 564 731 περὶ
584 624 623 690 τὸ
646 620 843 706 καλούμενον
857 621 910 687 νῦν
932 616 1087 701 Ἀχαϊκὸν
1106 615 1224 726 ’Άργος

172 707 302 800 ρ’ίκησαν
309 715 444 793 (Pelasgi)
458 706 660 792 αδτοχδονες
668 704 759 786 όντες
770 714 828 788 ²4),
840 707 898 793 τήν
907 705 944 772 δὲ
956 700 1146 788 ἐπωνυμίαν
1152 706 1225 770 ελα-

171 803 231 883 βον
246 793 316 862 α’πδ
331 797 390 861 τοῦ
400 796 574 880 Πελασγοῦ
588 794 760 877 βασιλέως.
777 784 815 878 ἦν
827 792 864 856 δὲ
877 787 894 856 δ
907 790 1078 874 Πελασγὸς
1094 788 1130 855 ε’ν.
1143 790 1226 867 Διὸς

170 880 228 949 καὶ
252 882 311 969 τῆς
333 878 463 968 Νιόβης
484 882 543 967 τῆς
566 876 755 966 Φορωνέως,
785 869 808 965 ᾗ
829 878 944 964 πριότῃ
968 874 1098 961 γυναικί
1120 875 1226 962 θνητῇ

169 965 325 1053 μίσγεται
349 962 367 1031 δ
388 966 472 1044 Ζεδς
495 965 561 1030 κτλ.
598 968 709 1029 Deinde
727 975 861 1028 narratur
882 967 918 1027 de
937 966 1126 1043 Pelasgorum
1149 965 1226 1025 sedi-

170 1055 225 1119 bus
241 1058 272 1117 in
288 1054 439 1115 Thessalia
454 1055 547 1133 deque
569 1053 753 1133 dispersione
773 1070 891 1125 eorum,
918 1069 975 1130 qua
995 1051 1041 1110 alii
1061 1050 1092 1110 in
1112 1049 1225 1111 Cretam

170 1141 254 1202 delati
271 1141 338 1211 sint,
355 1139 401 1199 alii
416 1140 445 1200 in
457 1138 592 1218 Cycladas
608 1139 728 1212 insulas,
743 1138 789 1200 alii
801 1136 982 1198 llestiaeotin
993 1142 1115 1215 propter
1128 1134 1227 1215 Olym-

169 1245 242 1305 pum
258 1232 287 1286 et
301 1225 406 1285 Ossam
421 1224 575 1297 tenuerint,
597 1224 643 1285 alii
657 1225 688 1284 in
703 1224 863 1293 Boeotiam,
886 1221 1055 1292 Phocidem,
1077 1220 1227 1281 Euboeam

169 1309 448 1388 transmigraverint,
471 1310 517 1371 alli
533 1309 657 1389 denique
676 1309 706 1369 in
720 1309 806 1370 Asiae
827 1326 918 1381 oram,
939 1325 1013 1385 quae
1038 1305 1227 1386 Hellesponto

169 1395 336 1476 propinqua
351 1401 405 1468 est,
420 1394 585 1475 vicinasque
600 1395 709 1457 insulas
726 1402 754 1455 et
773 1392 902 1454 Lesbum
923 1393 1048 1470 primam
1069 1410 1135 1452 cum
1152 1392 1229 1452 Aeo-

168 1481 244 1544 libus
259 1481 342 1542 mixti
358 1481 502 1542 coloniam
519 1481 668 1556 duxerint3
688 1480 794 1560 quibus
813 1477 937 1540 narratis
958 1479 1001 1539 sic
1020 1477 1164 1557 pergitur:
1191 1472 1228 1537 τδ

69 1614 73 1621 .
170 1561 208 1628 δὲ
237 1562 353 1627 πλεῖον
380 1558 493 1638 αὐτοῖς
518 1559 616 1646 μέρος
643 1561 701 1626 διὰ
733 1561 792 1648 τῆς
824 1555 995 1644 μεσογείου
1023 1555 1229 1643 τραπόμενοι

171 1647 255 1731 πρὸς
276 1646 353 1724 τοδς
374 1644 408 1712 ἐν
430 1643 578 1734 Δωδώνῃ
601 1652 836 1722 κατοικοῦντας
858 1644 952 1731 σφῶν
966 1646 1128 1729 συγγενεῖς
1150 1645 1227 1724 κτλ,

171 1735 345 1814 quibuscum
357 1736 521 1797 arctissime
536 1735 693 1795 cohaerent
707 1753 780 1812 quae
795 1733 884 1793 modo
898 1733 1009 1794 laudata
1025 1741 1094 1794 sunt
1109 1733 1145 1794 de
1157 1751 1228 1813 pro·

170 1820 297 1882 lectione
311 1819 342 1880 in
356 1820 476 1882 ltaliam.
508 1820 566 1881 Sed
581 1819 620 1879 ita
640 1817 671 1879 in
684 1819 855 1880 universum
872 1818 1051 1879 adumbratis
1067 1818 1228 1896 originibus

171 1923 270 1966 earum
287 1905 451 1984 regionum,
467 1924 540 1985 quae
555 1923 570 1964 a
587 1902 716 1981 Pelasgis
728 1904 886 1983 antiquitus
899 1903 1109 1978 incolebantur,
1125 1904 1228 1983 siugu-

170 1989 265 2052 larum
280 1990 408 2052 fabulam
424 1996 554 2051 secutam
570 2007 636 2049 esse
652 1989 801 2068 suspicor,
820 1988 945 2050 maxime
966 1989 1148 2063 Thebarum,
1169 2008 1227 2068 quo

170 2076 296 2156 pertinet
309 2076 407 2137 fabula
423 2074 532 2146 Cadmi,
547 2093 572 2134 v.
590 2074 688 2134 Schol.
704 2074 797 2152 Apoll.
809 2074 858 2147 ΙΙΙ,
875 2073 954 2134 1178
969 2069 1119 2156 περὶτῆς
1134 2069 1226 2136 Koid-

169 2181 234 2240 μου
257 2153 305 2232 είς
321 2154 438 2240 Θήβας
459 2152 644 2239 παρουσίας
665 2195 707 2202 -
725 2153 805 2220 Ἑλλ.
829 2152 863 2220 ἓν
886 2152 915 2220 α’
938 2152 1129 2243 Φορωνίδος
1150 2155 1228 2235 κτλ,

171 2263 229 2322 quo
246 2242 405 2304 ducebatur
421 2243 512 2322 stirpe
527 2244 678 2320 Agenoris,
702 2245 749 2324 qui
766 2250 826 2305 erat
840 2244 989 2305 Phoronei
1008 2264 1110 2324 nepos.
1147 2245 1228 2306 Adde

172 2328 269 2389 Schol.
281 2328 311 2388 ll.
325 2327 355 2407 β,
371 2327 442 2400 494,
458 2328 508 2389 ubi
521 2329 671 2391 exhibetur
682 2320 702 2432 ιγ
715 2323 824 2403 κτίσις
834 2329 1010 2406 Thebarum,
1023 2330 1121 2391 addito
1135 2320 1228 2392 ioco-

170 2411 221 2497 ρεῖ
238 2404 319 2474 Ἑλλ.
343 2406 377 2474 ἕν
398 2414 620 2490 Βοιωτιακοῖς
640 2437 698 2478 και
720 2408 976 2496 Ἀπολλόδωρος
998 2409 1031 2476 ἕν
1045 2413 1093 2497 τῷ
1115 2409 1142 2494 γ’
1166 2416 1226 2493 (ΙΙΙ,

169 2501 198 2573 4,
216 2498 262 2575 2),
283 2499 332 2561 ubi
355 2497 550 2563 Βυιωτιακυὶ
571 2502 626 2563 dici
646 2511 716 2582 puta
736 2509 849 2582 partem
871 2500 1060 2561 Phoronidis.
1096 2501 1229 2580 Denique

169 2584 272 2645 eodem
287 2585 420 2647 retuleris
437 2587 534 2648 Schol.
549 2589 611 2649 Vat.
628 2588 729 2666 Eurip.
745 2587 832 2646 libes.
849 2585 888 2646 28
906 2577 974 2648 δδὲ
991 2578 1147 2658 Ἡσίοδος
1160 2577 1230 2646 Ed-

169 2661 283 2751 ριόπης
304 2665 364 2749 μέν
386 2688 489 2751 φησιν
512 2664 611 2732 αδτδν
632 2667 701 2746 (cdv
715 2664 941 2752 Σαρπηδόνα),
965 2660 1010 2743 aig
1028 2662 1227 2747 Ἑλλάνικος,

170 2769 347 2830 quamquam
363 2753 462 2813 malim
479 2755 604 2833 cogitare
620 2753 655 2814 de
670 2753 817 2814 llellanico
834 2755 1017 2815 Chorizonte.

132 2870 157 2910 17
256 2836 376 2897 Librum
391 2838 510 2897 alterum
528 2838 598 2898 citat
612 2837 716 2897 Athen.
731 2838 771 2899 IX
786 2859 814 2918 p.
831 2840 892 2901 110
908 2840 993 2914 ΙΝ)
1016 2837 1051 2897 de
1067 2837 1170 2897 Archia
1190 2841 1228 2901 ab

170 2919 293 2983 Hercule
305 2926 417 2994 necato,
432 2927 466 2982 ut
480 2928 576 2999 pateat
591 2922 627 2982 de
641 2923 730 2982 rebus
745 2922 781 2984 ab
795 2924 916 2987 Hercule
931 2921 1020 3000 gestis
1035 2921 1065 2981 in
1081 2922 1138 2981 hoc
1152 2922 1227 2984 libro

170 3013 268 3067 actum
284 3024 359 3067 esse.
395 3006 508 3066 Eodem
530 3013 664 3086 spectant
684 3026 757 3087 quae
777 3011 900 3071 servavit
915 3007 1013 3068 Schol.
1031 3007 1101 3068 Plat.
1118 3007 1226 3072 Phaed.

169 3110 199 3171 p.
213 3090 263 3163 69,
282 3092 320 3151 14
340 3089 429 3151 belh.
446 3090 481 3150 de
497 3090 586 3171 hydra
598 3092 735 3167 Lernaea,
752 3092 848 3155 Schol.
861 3097 915 3175 Ap.
928 3093 965 3166 ΙΙ,
986 3095 1066 3156 1054
1079 3095 1115 3154 de
1127 3095 1228 3172 Stym—

170 3174 350 3255 phalidibus,
372 3175 469 3236 Schol.
489 3175 573 3237 Pind.
594 3177 677 3238 Nem.
698 3178 746 3253 ΙΙΙ,
768 3179 807 3240 64
828 3181 863 3241 de
884 3179 1067 3260 expeditione
1087 3179 1227 3240 adversus

170 3265 347 3333 Amazonas,
363 3259 481 3338 Dionys.
496 3259 528 3320 A.
544 3261 577 3322 R.
594 3262 621 3336 Ι,
637 3263 676 3324 35
699 3264 735 3324 de
757 3263 854 3326 bobus
871 3265 1013 3344 Geryonis
1034 3266 1129 3342 deque
1148 3265 1227 3327 ltalia

169 3346 205 3408 ab
220 3347 341 3408 Hercule
356 3345 385 3406 in
401 3347 602 3424 persecutione
616 3348 696 3409 rituli
712 3349 873 3422 cuiusdam,
891 3351 939 3428 qui
955 3350 990 3410 de
1006 3367 1092 3427 grege
1107 3348 1227 3413 aberra-

169 3438 257 3505 verat,
271 3431 421 3512 appellata,
438 3429 474 3490 cf.
487 3430 619 3508 Apollod.
635 3434 670 3508 ΙΙ,
683 3435 711 3506 5,
732 3435 778 3497 10.
803 3436 934 3514 Denique
946 3435 1019 3495 adde
1030 3434 1127 3495 Schol.
1140 3434 1225 3496 Pind.

170 3515 214 3577 01.
230 3517 280 3590 ΙΙΙ,
300 3517 341 3577 22
363 3516 399 3577 de
419 3514 671 3579 Hellauodicarum
685 3537 809 3581 numero
825 3521 937 3599 primo,
957 3520 1035 3600 quod
1052 3528 1166 3602 spectat
1180 3521 1225 3580 in-

169 3601 351 3664 stitutionem
367 3598 532 3663 certaminis
548 3601 705 3684 Olympici,
729 3612 758 3666 et
772 3605 870 3668 Schol.
886 3610 941 3687 Ap.
956 3607 978 3679 l,
1004 3607 1062 3668 131
1086 3606 1121 3665 de
1137 3624 1226 3685 expe-

238 3838 281 3902 24)
302 3839 423 3908 Harpoor.
445 3856 469 3892 r.
492 3834 663 3906 αὐτόχθονες
677 3840 707 3891 οἱ
723 3837 875 3906 Ἀθηναῖοι.
892 3871 926 3881 -
942 3833 1115 3903 αὐτόχθονες
1131 3841 1162 3894 δὲ
1179 3847 1224 3895 καὶ

172 3899 302 3979 Ἀρκάδες
313 3907 392 3973 ἦσαν,
406 3903 442 3964 ὡς
451 3904 610 3965 Ἑλλάνικός
621 3923 700 3976 φησι,
713 3911 759 3957 καὶ
770 3912 922 3977 Αἰγινῆται
934 3907 981 3958 καὶ
997 3907 1120 3971 Θηβαῖοι.

238 3975 281 4040 25)
300 3975 345 4027 Ubi
362 3993 407 4042 pro
421 3971 489 4028 Ἑίί.
501 3974 603 4033 ἐντοῖς
621 3977 758 4042 ἱστορίαις
774 3979 931 4029 scribendum
948 3974 1050 4025 videtur
1064 3973 1095 4030 to
1111 3980 1170 4033 ταῖς
1187 3979 1225 4030 ἴε·

170 4046 266 4115 ρείαις,
289 4043 414 4095 Historias
425 4060 474 4094 nou
487 4045 589 4111 scripsit
599 4045 752 4108 Hellanicus,
764 4061 789 4095 v.
803 4046 879 4097 Stura
891 4062 915 4111 p.
928 4042 970 4094 28.
