2558 4530
161 396 197 450 64
585 393 632 446 De
650 390 834 444 Hellenico

162 546 235 651 γῶν
252 540 397 612 Αἰνείαν
427 542 529 647 φησὶν
560 541 596 650 ἐκ
624 542 808 609 Μολοττῶν
836 538 884 619 εἰς
908 538 1049 607 Ἰταλίαν
1079 539 1226 607 ἐλθόντα

161 656 223 738 μετ
225 626 434 707 ’Ὀδυσσέως
454 625 604 728 οἱκιοτην
615 627 788 734 γενέσθαι
804 627 862 732 της
884 621 1076 705 πόλεως,
1059 625 1225 733 ονομάσαι

163 713 195 783 d’
219 711 317 822 αὐτὴν
340 710 410 780 απὸ
431 715 512 818 μιᾶς
533 716 597 777 τῶν
615 707 788 776 Ἰλιάδων
790 711 920 817 Ρῶμης·
948 710 1094 817 ταύτην1
1084 711 1122 777 δὲ
1138 713 1226 818 λέγει

162 804 235 879 ταῖς
257 796 374 878 αλλαις
387 797 533 906 Τρωάσι
557 794 884 904 παρακελευσαμένην
905 798 1001 902 κοινῇ
1022 821 1083 901 μετ
1120 793 1226 861 αὐτῶν

163 884 333 993 ἐμπρῆσαι
354 883 397 948 τὰ
421 882 541 988 σκάφη,
562 882 782 1006 βαρυνομένην
803 906 849 988 τη
867 881 991 968 πλάνη
998 877 1169 988 ομολογει
1191 877 1225 946 d

164 967 253 1056 αὕτη]
276 971 334 1034 καὶ
357 967 540 1052 Δαμαοτις
556 991 613 1032 ο
587 971 736 1050 Σιγειευς
754 991 811 1030 και
803 963 921 1030 α’λλοι
937 963 1033 1042 τινές;
1051 990 1125 1049 quae
1141 971 1226 1031 Stur-

123 1062 226 1122 sozius
253 1079 282 1138 p.
306 1058 364 1117 152
391 1058 454 1116 sine
477 1056 532 1115 ulla
559 1057 739 1116 dubitatione
758 1056 861 1116 tribuit
879 1055 1062 1151 Nostrossll
1097 1056 1227 1134 Neglexit

165 1143 305 1221 scaligeri
324 1149 423 1201 notam
446 1141 481 1201 ad
502 1141 621 1201 Festum
638 1160 665 1217 p.
682 1140 743 1201 633
766 1140 914 1212 Lindem,
935 1140 983 1218 qui
998 1149 1083 1218 putat
1097 1141 1225 1201 Heracli-

164 1231 230 1290 dem
247 1227 391 1288 Lembum
412 1226 443 1286 in
464 1225 519 1285 illis
540 1233 708 1304 excerptum
726 1244 803 1297 esse,
824 1244 911 1303 quem
933 1226 968 1285 de
984 1227 1084 1285 eadem
1104 1226 1226 1286 historia

164 1314 254 1374 citant
269 1313 373 1372 Festus
389 1312 406 1371 l.
424 1330 449 1371 c.
471 1318 499 1370 et
514 1310 633 1371 Solinus
654 1330 678 1370 c.
698 1312 729 1383 13
745 1309 935 1388 similiterque
955 1310 1101 1370 iudicasse
1116 1311 1227 1371 videtur

163 1397 341 1458 Niebuhrius
357 1396 390 1456 R.
408 1396 441 1455 G.
456 1396 479 1468 l,
495 1415 524 1474 p.
541 1396 602 1455 202
619 1396 663 1455 ed.
680 1395 746 1456 3ae.
783 1395 889 1455 Verum
906 1393 1046 1471 Scaliger,
1069 1395 1146 1455 sicut
1162 1414 1226 1455 om-

163 1483 233 1544 nino
249 1481 386 1542 Hellanici
402 1498 461 1540 non
479 1500 541 1541 eam
559 1501 645 1558 quam
662 1481 690 1540 in
707 1479 861 1541 Chronicis
877 1478 999 1539 debebat
1013 1481 1157 1540 rationem
1173 1481 1226 1540 ba-

165 1568 244 1635 buit,
267 1568 306 1627 ita
326 1561 490 1625 boc'etiam
510 1566 540 1625 in
560 1567 626 1625 loco
646 1582 707 1625 non
729 1565 862 1624 meminit
883 1565 990 1642 opinor
1005 1565 1082 1634 eius,
1104 1565 1227 1661 ideoque

166 1651 310 1711 Heraclidi
329 1650 431 1710 tribuit
453 1668 526 1726 quae
546 1649 692 1709 Hellanico
715 1648 795 1709 dabit
822 1649 986 1726 quicunque
1006 1650 1042 1708 de
1062 1668 1152 1728 opere
1167 1651 1227 1709 eius

166 1743 372 1834 compertum
367 1733 513 1805 habuerit,
529 1753 585 1811 qna
600 1733 630 1791 in
643 1752 673 1793 re
685 1733 712 1792 id
726 1752 843 1811 quoque
854 1741 952 1810 aperte
963 1734 1068 1794 falsum
1082 1743 1136 1801 est,
1149 1733 1227 1812 quod

166 1820 197 1880 in
222 1837 265 1878 τα
287 1808 372 1878 uod
403 1808 543 1899 εκάστην
572 1810 765 1898 πραχθέντα
788 1817 984 1896 supplendum
1012 1838 1077 1878 esse
1102 1819 1228 1879 affirmat

167 1897 284 1983 χώραν.
314 1903 452 1962 Fortasse
468 1903 553 1962 etiam
570 1902 751 1962 Heraclidem
767 1902 919 1971 Lembum,
934 1921 1020 1981 quem
1034 1905 1228 1964 Sacerdotum

166 2007 321 2049 recensum
337 1986 463 2047 edidisse
478 2004 566 2046 nemo
581 1987 708 2059 tradidit,
727 1987 859 2048 confudit
874 2007 940 2048 cnm
956 1989 1108 2049 Heraclide
1123 1988 1230 2048 Ponti-

167 2092 211 2146 co,
228 2073 278 2152 qui
293 2091 360 2132 eum
376 2089 530 2132 recensum
547 2072 679 2132 adhibuit
693 2071 821 2150 quidem,
842 2073 915 2132 sed
908 2091 937 2132 1n
954 2073 1043 2133 rebus
1059 2073 1094 2133 ab
1107 2073 1229 2150 origini-

165 2158 223 2218 bus
239 2158 350 2217 Romae
365 2174 488 2233 prorsus
511 2157 642 2216 diversis.
672 2157 753 2216 Adde
769 2158 847 2234 quod
862 2157 1013 2218 Damastes
1029 2177 1094 2218 cum
1112 2166 1231 2218 auctore

166 2242 216 2301 illo
233 2241 419 2318 conspirasse
431 2240 542 2312 dicitur,
556 2242 634 2318 quod
651 2240 708 2300 nisi
721 2242 757 2300 de
768 2242 925 2315 Hellauioo‚
938 2262 1064 2320 quocum
1077 2243 1230 2303 Damastes

167 2327 245 2386 haud
265 2326 354 2385 semel
375 2325 495 2397 citatur,
518 2344 578 2385 non
600 2326 684 2385 rideo
701 2327 736 2386 de
751 2345 878 2404 quonam
895 2328 1023 2406 potuerit
1038 2328 1103 2388 dici.
1134 2329 1230 2388 Porro

167 2429 205 2470 ne
230 2418 318 2506 putes
336 2410 516 2471 Hellanicum
543 2411 736 2488 antiquiorem
765 2432 937 2490 essequam
958 2432 1007 2491 qur
1000 2413 1104 2472 urbis
1119 2411 1231 2472 Romae

166 2495 345 2567 meminerit,
362 2503 478 2556 constat
492 2496 576 2556 etiam
593 2496 770 2557 Antiochum
788 2497 1047 2598 Syracusanum
1023 2516 1095 2597 equs
1101 2498 1230 2600 mentiq-

166 2580 394 2650 nominiecisse,
410 2599 436 2640 v.
452 2600 498 2658 ap.
514 2581 650 2681 Dionys
651 2581 686 2640 H.
706 2584 739 2642 A
761 2583 795 2643 R.
812 2582 839 2652 1,
857 2581 911 2652 73,
927 2572 1007 2663 ἅνηρ
1031 2573 1172 2661 ἄφίκετο
1196 2575 1231 2643 ἐκ

163 2656 289 2746 Ρῶμης
316 2656 440 2742 φυγάς,
468 2656 650 2738 Σικελὸς’
630 2686 734 2744 ονομα
757 2659 855 2746 αὐτῷ.
885 2629 1029 2758 Denique
1057 2665 1136 2740 quod
1165 2668 1230 2744 quis

168 2757 297 2818 moneat,
314 2747 490 2807 Hellanicum
507 2749 585 2809 sibi
578 2751 636 2828 ipsi
651 2769 827 2846 repugnare,
842 2747 937 2825 quiin
955 2745 1114 2806 Troicisv
1086 2748 1122 2825 (v.
1140 2769 1232 2828 supra

168 2850 197 2910 p.
214 2832 268 2908 21)
285 2832 412 2891 Aeneam
427 2833 462 2891 ad
479 2832 623 2895 Crusaeos
639 2835 804 2914 pervenisse
815 2830 974 2900 tradiderit,
988 2831 1053 2890 id
1029 2851 1072 2891 src
1084 2836 1231 2928 cupediae,

169 2923 201 2976 ut
217 2917 273 2975 boc
289 2933 364 2992 opus
380 2924 449 2994 post
464 2917 568 2978 Troica
583 2928 612 2979 et
626 2927 784 2996 postquam
797 2913 910 2974 fabulas
922 2914 1055 2976 italicas
1047 2934 1076 2975 ιο
1090 2917 1154 2994 ipsa
1165 2920 1230 2980 for-

168 3008 247 3060 tasse
266 2999 342 3060 ltalia
363 3003 531 3079 cognoverit
551 3004 662 3063 editum
681 3000 775 3060 luisse
794 3006 853 3059 stat
853 3018 915 3059 uas.
949 3001 1019 3062 De
1011 3021 1075 3079 rpsa
1090 3001 1229 3064 fabular.

168 3085 293 3145 Klausen
309 3086 418 3146 Aeneas
436 3087 459 3160 1
475 3106 503 3166 p
520 3086 592 3147 418.

256 3169 370 3268 ’[επὶυε
392 3172 465 3231 liber
488 3170 577 3231 semel
600 3166 762 3240 adhibetur,
786 3187 832 3247 ap.
858 3168 900 3229 St
920 3170 953 3231 B.
976 3191 1002 3230 v.
1022 3165 1165 3232 Χαονία.
1187 3208 1230 3216 -

114 3328 116 3332 ³
165 3243 284 3315 Ἑλλ.ζ
274 3252 400 3358 ιερειῶν
413 3250 521 3356 ᾝρας
540 3244 657 3347 τρίτῳ·
681 3244 931 3334 Ἀμβρακιῶται
953 3251 1011 3316 καὶ
1035 3247 1066 3317 οὶ
1081 3247 1156 3352 μετ’
1172 3277 1230 3318 αυ-

167 3335 233 3399 τῶν
246 3334 376 3412 Χαονες
390 3359 448 3399 και
439 3331 683 3415 Ἠπειρῶται;
700 3338 748 3399 ubi
761 3339 832 3400 mihi
843 3358 904 3400 non
917 3341 1037 3401 dubium
1050 3341 1120 3418 quin
1132 3360 1229 3402 sermo

169 3425 208 3483 sit
228 3425 263 3483 de
283 3425 356 3485 bello
377 3424 455 3482 inter
470 3423 634 3483 Acarnanes
650 3430 735 3502 atque
750 3424 950 3487 Ambraciotas
956 3434 1054 3527 gesto
1071 3425 1115 3486 Dl.
1133 3425 1183 3499 87,
1200 3429 1229 3500 4,

169 3526 194 3567 a.
219 3508 328 3569 429ε.
351 3507 433 3577 Chr,
460 3526 487 3566 v.
508 3507 644 3611 Thucyd.
658 3510 697 3581 ll,
724 3509 763 3570 80
787 3501 903 3570 τοῦδ
925 3502 1027 3571 αὐτοῦ
1042 3505 1170 3612 θέρους
1192 3530 1229 3571 ου

169 3586 330 3694 πολλῶτ
316 3587 451 3694 ὕστερον
477 3587 601 3653 τούτων
629 3585 882 3695 Ἀμβρακιῶται
908 3590 966 3656 καὶ
992 3588 1123 3669 Χαονες
1150 3597 1230 3675 βου-

168 3671 302 3754 λομενοι
312 3669 528 3778 Ακαρνανιαν
539 3697 653 3739 πασαν
664 3673 967 3782 καταστρεψαοθαι
979 3677 1100 3740 κτλ
1112 3674 1231 3760 ἐστρα-

169 3755 302 3822 τεύοντο
326 3755 363 3822 de
376 3782 460 3839 μετα
450 3757 615 3823 Χαόνων
629 3784 687 3824 και
678 3759 902 3846 Θεσπρωτοὶ
916 3756 1132 3845 αβαοίλευτοι
1146 3761 1230 3826 κτλε

238 3961 279 4025 87)
299 3963 388 4026 [Etiam
401 3964 512 4014 lllausen
527 3964 670 4028 Aeneasll,
688 3966 737 4015 567
755 3975 781 4018 et
796 3965 934 4017 Grotelend
953 3984 999 4017 zur
1012 3967 1162 4018 Geschicbtc
1180 3969 1231 4018 und

170 4026 263 4093 Geogr.
276 4047 325 4081 von
338 4033 403 4083 Alt·
408 4031 497 4081 italien
510 4030 528 4094 l,
543 4032 574 4082 22
587 4033 716 4084 Hellanico
726 4036 788 4085 baec
797 4036 927 4096 tribuuntl.
