2558 4530
333 400 514 453 Eleusinia
537 399 727 467 disputatio
744 403 778 456 IL
1031 404 1084 458 129

29 553 177 632 leguntur.
206 554 279 615 Dicit
299 573 365 615 eum
388 556 438 634 qui
452 555 585 616 Eleusine
599 556 748 635 profectus
763 555 794 616 in
808 557 852 616 via
867 576 948 619 sacra
961 567 1082 620 conten·

31 641 82 699 dat
97 639 222 700 Athenas
238 640 342 700 eodem
357 641 437 712 loco,
458 641 535 700 unde
554 642 667 719 primus
682 641 712 700 in
727 641 869 702 Minervae
882 642 983 703 urbem
1000 654 1086 723 atque

30 725 139 802 templa
153 731 328 803 prospectus
344 733 448 804 pateat,
464 726 619 786 miratione
634 727 791 804 perstringi
806 735 964 806 conspecto
979 747 1085 790 monu-

30 816 131 869 mento
144 810 201 888 ipsi
211 812 271 871 viae
286 811 460 883 imminenti,
476 818 629 888 tantaeque
639 811 735 884 molis,
750 819 782 872 nt
796 811 869 872 nihil
885 812 980 872 simile
993 831 1088 892 neque

31 894 106 954 inter
125 915 158 956 ea
179 914 253 973 quae
274 914 367 973 prope
386 897 445 956 sint
464 914 552 974 opera
566 895 739 956 inveniatur.
768 896 893 957 Evanuit
908 899 1086 976 stupendum

31 980 162 1039 mulieris
182 981 400 1058 indignissimae
415 982 591 1059 sepulcrum,
612 980 663 1041 sed
679 989 778 1042 manet
791 991 977 1060 prospectus,
992 1000 1087 1062 neque

31 1064 187 1142 quisquam
202 1065 284 1126 facile
299 1066 385 1126 etiam
400 1083 479 1126 nuno
491 1066 618 1126 Athenas
629 1067 733 1145 pergit,
748 1067 865 1144 quineo
878 1067 995 1140 131333,
1010 1067 1087 1128 unde

29 1147 101 1209 urhs
122 1150 295 1210 immortalis
316 1151 444 1230 primum
465 1151 659 1229 conspicitur,
678 1151 827 1230 paululum
847 1152 999 1212 consistat.
1034 1153 1088 1212 Est
1113 1167 1127 1205 ⁶

30 1240 125 1294 autem
147 1234 193 1294 ille
212 1235 310 1307 locus,
331 1237 410 1313 quod
431 1236 514 1295 multi
534 1235 746 1296 adnotaverunt
768 1237 807 1310 8),
827 1236 877 1296 uhi
897 1237 928 1296 in
949 1255 1085 1315 campum

30 1317 239 1380 Atheniensem
255 1321 442 1380 descendenti
465 1339 481 1380 a
495 1320 573 1379 laeva
593 1337 683 1380 maun
702 1320 812 1380 3331331
826 1321 906 1380 331113
922 1320 1087 1397 singularis,

10 1432 20 1455 .·
30 1403 152 1464 33313313
168 1404 198 1463 S.
214 1405 293 1465 Eliae
309 1413 440 1464 ornatus.
469 1404 552 1464 Patet
566 1404 653 1480 igitur
667 1411 891 1464 monumentum
902 1406 1089 1484 Pythionicae

31 1489 129 1549 autin
144 1489 210 1566 ipso
228 1489 309 1561 colle,
328 1489 378 1548 uhi
393 1497 490 1548 133333
505 1487 628 1548 Leahius
645 1507 677 1547 se
690 1488 799 1548 frustra
813 1489 999 1567 antiquorum
1015 1508 1087 1568 ope-

32 1591 102 1632 rum
121 1573 256 1650 reliquias
276 1573 454 1651 quaesivisse
473 1580 579 1645 namat,
602 1580 652 1632 aut
671 1591 765 1650 prope
784 1573 886 1634 collem
906 1582 1085 1636 exstructum

30 1657 135 1717 fuisse.
172 1657 265 1718 Huius
290 1665 386 1719 autem
411 1658 476 1717 loco
503 1657 661 1717 constituto
682 1657 783 1717 Hermi
802 1658 890 1719 simul
911 1660 1014 1720 demus
1033 1658 1085 1720 uhi

33 1743 218 1820 quaerendus
235 1743 273 1802 sit
287 1743 419 1815 eflicitur,
435 1743 463 1802 13
479 1743 560 1802 33133
582 1760 651 1819 agro
668 1743 835 1820 sepulcrum
856 1743 924 1804 ihud
939 1744 1085 1805 exstitisse

31 1833 157 1887 testatur
179 1827 350 1887 Plutarchus
377 1846 402 1887 v.
419 1827 510 1887 Phoc.
527 1826 582 1887 22:
618 1822 767 1904 διαμένει
788 1819 838 1888 dn
861 1825 914 1888 νῦν
936 1821 955 1890 ὁ
977 1823 1087 1912 τάφος

31 1905 66 1971 e’v
84 1902 237 1994 Ἑρμείῳ,
264 1899 288 1994 ᾗ
313 1904 494 1991 βαδίζομεν
519 1905 556 1986 ἒξ
577 1901 694 1983 ἄστεος
719 1905 766 1984 εἷς
785 1905 964 1972 Ἐλευσῖνα.
991 1913 1085 1983 Quem

33 1995 153 2056 demum
169 2015 234 2056 cum
251 1997 383 2076 Zopyrus
398 2014 445 2074 ap.
461 1996 602 2074 Harpocr.
619 2014 644 2055 v.
662 1988 784 2076 Ἕρμος
799 2003 897 2070 narret
911 1996 946 2056 ad
962 1996 1086 2056 31331333

33 2081 238 2157 cognominem
259 2081 466 2152 3333131333,
494 2088 573 2159 patet
594 2081 730 2159 reliquias
756 2081 835 2153 eius,
861 2081 886 2140 si
910 2099 984 2159 quae
1008 2089 1086 2152 sunt

32 2183 125 2244 prope
140 2165 263 2226 rivulum
277 2167 402 2227 vicinum
416 2167 482 2226 colli
497 2166 527 2225 S.
539 2166 616 2225 Eliae
630 2166 844 2242 investigandas
860 2184 934 2224 esse.
953 2165 1004 2242 [uf.
1019 2166 1089 2225 We-

33 2258 183 2311 stermann
199 2251 229 2310 in
240 2251 409 2310 Zeitsohrift
423 2251 470 2310 ldr
487 2251 533 2309 die
549 2250 764 2310 Alterthumsw.
780 2249 870 2323 1843,
886 2269 915 2328 p.
925 2249 996 2326 668,
1009 2251 1087 2310 lloss

34 2335 145 2395 [lemen
160 2352 218 2394 von
234 2336 329 2395 Attila
344 2353 374 2411 p.
391 2334 452 2409 69]

121 2419 313 2496 Sequentium
323 2419 457 2477 locorum
473 2423 619 2476 sanatura
631 2424 685 2485 est,
701 2423 734 2476 ut
745 2417 875 2490 collibus,
890 2418 995 2494 quihus
1009 2437 1088 2478 cam-

31 2522 91 2582 pus
108 2502 293 2562 Atheniensis
309 2501 469 2561 aThriasio
485 2518 589 2578 campo
604 2499 787 2577 disiungitur,
807 2501 842 2561 ab
856 2501 1005 2560 occidente
1019 2520 1089 2578 pro-

32 2587 236 2660 currentibus,
258 2586 303 2646 via
323 2584 437 2646 acclivis
458 2584 488 2644 13
515 2585 620 2645 saltum
642 2585 831 2645 contrahatur
853 2585 1091 2665 occidentemque

31 2691 137 2732 versus
156 2672 261 2732 1311333
281 2677 418 2751 superato
439 2670 513 2730 saltu
529 2670 563 2730 ad
584 2687 667 2729 oram
683 2669 858 2730 maritimam
879 2670 961 2731 sinus
976 2671 1090 2731 Eleusi·
1138 2711 1143 2720 ·

32 2758 108 2818 niaci
124 2757 290 2817 descendat.
321 2756 414 2817 Colles
428 2755 467 2814 illi
483 2774 549 2815 cum
566 2754 690 2816 diversis
705 2755 783 2833 apud
798 2763 908 2816 veteres
921 2756 1089 2817 nominihus

32 2842 223 2922 appellentur,
245 2850 343 2902 tamen
359 2840 389 2900 in
409 2841 578 2901 universum
601 2858 634 2900 ea
655 2841 729 2900 ratio
755 2841 949 2918 praevaluisse
968 2841 1087 2916 videtur,

32 2935 65 2988 ut
84 2927 225 3005 Aegaleus
246 2934 341 2987 toturn
361 2927 460 3004 iugum
481 2933 645 2999 vocaretur,
668 2925 826 3004 Corydalus
847 2946 880 2987 ea
909 2945 993 3005 pars,
1015 2945 1088 3005 quae

32 3012 114 3072 littus
136 3019 248 3090 spectat
266 3020 294 3072 et
313 3012 343 3072 in
362 3011 533 3090 Amphialen
552 3010 736 3088 peninsulam
757 3013 892 3084 excurrit,
915 3012 1048 3073 Poecilus
1064 3029 1088 3070 s.

33 3096 136 3157 Varius
159 3097 239 3157 collis
258 3095 361 3176 ahquis
381 3096 910 3175 333333333313313331333133339).
954 3096 1023 3175 lpsa
1045 3095 1090 3155 via

103 3231 128 3295 8)
147 3230 204 3281 Gell
221 3233 275 3284 itin.
292 3249 315 3299 p.
334 3232 365 3281 32
384 3233 452 3283 Naar
466 3233 542 3295 Agios
560 3232 630 3282 Elias
648 3233 670 3282 is
684 3234 725 3282 the
739 3232 796 3282 first
813 3234 879 3281 view
897 3231 925 3280 ol
934 3231 1040 3294 Athens,
1059 3247 1089 3279 on

33 3299 167 3361 returniug
178 3297 241 3349 froni
253 3300 362 3350 Eleusis.
384 3298 421 3350 ef.
440 3300 544 3350 Fiedler
560 3317 583 3365 p.
602 3299 634 3348 80
648 3307 674 3348 31
687 3300 728 3364 qui
741 3299 938 3349 luculentissime
951 3299 1020 3348 illurn
1030 3313 1091 3362 pro-

34 3373 148 3432 spectum
159 3367 287 3430 describit,
299 3367 384 3417 Leake
397 3368 523 3418 Northern
537 3366 634 3417 Graece
647 3366 704 3416 Vol.
718 3364 747 3427 ll,
761 3383 784 3432 p.
797 3367 855 3416 385.

105 3434 130 3496 9)
143 3433 174 3486 V.
192 3451 254 3499 quac
273 3437 303 3484 de
320 3437 358 3485 his
376 3435 515 3485 nominihus
533 3435 591 3483 olim
608 3434 733 3498 disputavi
752 3435 776 3482 in
790 3433 932 3482 Zimmerm.
945 3427 1092 3481 Zeitsohrift

33 3500 50 3552 f.
66 3500 255 3553 Alterthumsw.
268 3502 432 3552 maducat
444 3519 490 3566 sq,
503 3502 595 3551 collato
608 3501 703 3549 Lealrio
716 3501 746 3548 dc
759 3499 836 3549 demis
849 3515 871 3563 p.
883 3499 906 3547 2.
917 3515 938 3547 c.
951 3499 1017 3547 notis
1027 3498 1092 3548 We-

34 3571 173 3620 stermanni
202 3573 238 3633 [et
259 3571 349 3620 Rossio
371 3571 464 3619 Demen
477 3584 526 3617 von
545 3568 633 3617 Attila
654 3583 678 3631 p.
697 3565 747 3627 19].
778 3565 947 3615 Gravissimus
965 3565 1035 3614 locus
1053 3573 1093 3615 331

34 3637 148 3703 Thucyd.
162 3637 194 3702 ll,
210 3638 254 3701 19,
267 3638 355 3701 dequo
365 3653 430 3685 nunc
444 3636 531 3685 Leukii
542 3641 568 3683 31
577 3632 765 3683 Westermanni
777 3633 953 3698 interpretatio
968 3634 1093 3696 sequenda

34 3706 143 3756 videtur.
168 3707 205 3755 llo
219 3705 344 3771 Corpdalo
362 3705 468 3769 optimus
485 3704 535 3751 dux
556 3701 646 3751 Strabo
663 3699 708 3762 1Χ,
725 3717 748 3766 p.
762 3700 810 3750 395
824 3697 893 3769 ὑπὲρ
913 3696 1095 3764 destirastis

34 3768 135 3837 ταύτης
147 3767 214 3890 <ipos
225 3771 310 3833 ἐστίν,
324 3767 339 3822 ὃ
352 3771 474 3821 καλεῖται
484 3762 650 3836 Κορυδαλὸς
661 3769 708 3818 καὶ
726 3763 740 3818 ὁ
760 3766 850 3836 δῆμος
867 3769 896 3818 οἱ
910 3766 1092 3836 Κορυδαλεῖς,

35 3841 150 3891 11333133
181 3841 290 3890 33313113
305 3834 800 3905 31133333333331311333113.3624.
827 3834 1092 3898 [3133333333-

34 3923 149 3959 mannum
160 3909 184 3958 13
196 3907 320 3958 Ζ31133133.
331 3906 372 3958 liir
381 3908 420 3956 die
430 3905 619 3955 Atterthumsw.
632 3903 705 3967 1843,
719 3919 741 3968 p.
753 3903 822 3966 668.]
840 3904 876 3954 De
885 3904 964 3955 Icario
974 3913 1056 3955 monte
1067 3913 1094 3955 31

34 3977 106 4026 demo
123 3977 237 4042 proclive
255 3983 295 4025 est
312 3984 424 4027 statuere
442 3974 580 4040 quidquam,
598 3989 622 4023 v.
642 3973 659 4023 l.
678 3989 699 4023 c.
711 3987 735 4038 p.
752 3971 802 4022 629
819 3987 870 4038 sq,
888 3973 967 4024 heah.
985 3975 1015 4023 de
1028 3975 1094 4023 dem.

35 4058 59 4108 p.
74 4044 131 4109 114,
147 4043 221 4106 [Roas
234 4058 258 4108 p.
270 4043 319 4106 33]

90 4122 215 4174 Preller,
229 4135 319 4177 ausgew.
333 4122 439 4167 Aulstltzo.
882 4127 901 4177 A)
