2558 4530
124 351 139 402 S
481 352 521 402 [te
539 349 689 417 Aeschyli
706 348 824 400 Persis.

210 520 243 599 2)
273 520 313 581 lle
340 519 462 581 oraculis
489 539 504 580 a
531 520 641 581 Phineo
672 517 863 598 prolatislll.
907 513 1088 576 Ferebantur
1108 514 1181 577 inter

128 605 255 667 Graecos
271 606 389 685 antiqua
404 606 528 679 oracula,
550 625 622 684 quae
637 604 673 665 ad
688 603 821 664 Bacidem
837 601 917 661 illum
937 608 966 661 et
980 600 1016 661 ad
1031 600 1179 662 Musaeum

128 690 337 752 referebantur.
373 691 413 752 lis
434 691 636 752 continebatur
654 689 714 750 fere
735 689 801 759 lroc,
828 685 1049 765 Hellespontum
1073 685 1180 766 olima

88 788 113 829 16
127 775 225 837 Persis
247 777 381 856 junctum
402 776 438 836 iri
452 777 515 850 1⁷);
554 777 658 836 Persas
681 773 833 834 delubrum
856 770 1027 849 Delphicum
1048 770 1180 832 devasta-

125 870 218 934 tur0s‚
234 862 337 922 deinde
352 861 523 921 interituros
536 863 546 900 ¹
557 859 622 936 ibt,
643 859 744 920 Medos
760 857 867 937 ingenti
883 864 980 935 strage
994 856 1072 934 apud
1089 856 1180 917 Ther·
1229 846 1231 993 ρ

127 947 298 1008 modontem
318 953 404 1024 atque
421 947 551 1024 Asopum
572 945 675 1006 lluvios
701 944 887 1024 profligatum
908 941 951 1002 iri.
984 941 1062 1002 llaec
1085 948 1113 1002 et
1131 941 1181 1003 alia

127 1030 305 1112 ejuscemodi
322 1031 445 1103 oracula,
460 1031 565 1109 partim
582 1049 655 1104 vcra,
670 1029 776 1110 partim
792 1027 902 1106 spuria,
917 1046 933 1087 a
948 1025 1141 1087 Pisistratidis
1157 1033 1182 1086 et
1228 1008 1231 1121 l

88 1123 113 1166 1⁷
127 1116 265 1178 Aleuadis
281 1115 427 1176 exsulibus
443 1115 518 1176 Susa
533 1116 625 1176 delata
641 1134 707 1176 esse
726 1121 754 1176 et
774 1113 813 1174 ibi
833 1114 869 1174 ad
891 1129 1013 1190 magnos
1032 1130 1117 1191 reges
1132 1111 1181 1173 ad·
1229 1124 1231 1133 ·

128 1220 229 1262 vorsus
256 1200 384 1262 Graecos
412 1200 676 1263 exacerbescendos
707 1200 886 1279 aliquantum
910 1196 1016 1257 fecisse
1040 1196 1181 1258 videntur.

128 1287 231 1364 Neque
245 1303 307 1347 non
322 1285 386 1365 ipse
405 1287 563 1366 Aeschylus
578 1307 632 1367 per
651 1287 725 1347 istos
745 1285 834 1357 viros,
855 1282 1087 1356 Onomacritum,
1109 1281 1182 1342 Pisi-

130 1372 276 1445 stratidas,
291 1371 441 1447 Aleuadas,
457 1373 581 1434 Xerxem
598 1372 634 1434 ad
650 1371 734 1432 fatale
755 1369 823 1430 illud
839 1366 945 1428 bellum
965 1367 1183 1446 suscipiendum

129 1457 280 1518 seductum
295 1457 386 1519 fuisse
406 1457 582 1536 indicat18).
617 1457 719 1518 Darius
739 1454 786 1516 illa
807 1453 921 1515 oracula
941 1460 1072 1526 noverat,
1095 1471 1183 1531 eaque
1229 1478 1231 1549 ρ

128 1542 216 1603 Xerxi
230 1542 388 1604 tradiderat
402 1563 436 1604 eo
454 1543 585 1617 consilio,
605 1551 639 1604 ut
653 1561 720 1603 eum
736 1560 751 1601 a
766 1539 841 1601 bello
866 1557 932 1599 cum
955 1537 1072 1600 Graecis
1095 1556 1183 1618 porro
1229 1604 1231 1609 ,

129 1627 258 1705 gerendo
275 1628 416 1688 desistere
429 1628 608 1703 laceret19).
1229 1634 1231 1657 ²

216 1711 393 1786 tt-Persae
420 1712 547 1774 labala.
581 1711 691 1772 Xerxes
714 1710 822 1772 bellum
845 1709 916 1770 illud
942 1707 1026 1769 fatale
1047 1708 1185 1782 adversus

133 1795 260 1856 Graecos
277 1815 380 1875 gerens
402 1816 523 1877 peregre
545 1805 599 1870 est,
622 1797 690 1857 Asia
712 1803 796 1874 atque
818 1795 936 1873 Europa
959 1800 1049 1873 ponte
1067 1793 1186 1874 junctis.

131 1879 260 1942 Infausta
275 1882 365 1943 multa
387 1881 586 1955 acciduntne,
609 1882 659 1962 qni
673 1881 758 1944 Susis
778 1879 869 1942 relicti
890 1886 967 1940 sunt
997 1878 1091 1941 Variis
1112 1877 1186 1941 curis

203 2114 243 2176 16)
256 2115 293 2164 De
305 2115 337 2164 iis
349 2111 429 2164 fusius
443 2113 546 2163 disserit
557 2112 670 2163 lliiller
682 2113 700 2161 l.
713 2129 734 2162 c.

203 2183 244 2243 17)
258 2182 349 2232 Herod.
367 2179 421 2232 Vll.
440 2181 463 2230 6.
491 2175 692 2250 Ὀνομάνριτος
709 2177 910 2262 γρησμολὸγος
931 2197 961 2232 τε
986 2181 1032 2232 καὶ
1058 2178 1189 2244 διαθέτης

129 2249 268 2318 χρησμῶν
280 2250 334 2302 τῶν
340 2251 493 2299 Μουσαίου
503 2277 535 2285 -
545 2244 588 2299 ἐπ’
603 2247 669 2299 αὐτο
697 2265 759 2318 ωρῳ
773 2247 856 2304 αλοὺς
867 2248 1010 2317 έμττοιέων
1021 2247 1049 2305 ές
1060 2246 1094 2300 τά
1106 2253 1189 2300 Μου-

135 2320 218 2369 σαίου
225 2311 358 2389 χρησμόν
375 2325 423 2367 etc.
436 2317 525 2367 -ille
542 2333 590 2367 una
611 2333 665 2367 cum
699 2318 854 2379 isistratidis,
872 2334 934 2384 quos
950 2319 993 2368 ille
1006 2325 1120 2369 sectatus
1134 2332 1189 2368 esec

133 2388 246 2448 videtur,
264 2394 290 2436 et
307 2401 362 2435 cnm
373 2384 493 2435 Alenadis
510 2387 574 2451 apud
591 2386 694 2435 Durium
715 2393 742 2435 et
754 2385 867 2435 Xerxem
889 2387 962 2436 exsul
983 2387 1028 2436 hos
1048 2388 1079 2436 ad
1097 2385 1190 2435 bellum

135 2454 239 2506 Graecis
254 2452 407 2504 inferendum
419 2455 527 2503 oraculis
540 2453 636 2503 fictitiis
649 2453 830 2503 seducebat-
843 2455 867 2504 εἰ
879 2454 933 2519 μέν
947 2471 974 2503 τι
986 2452 1058 2505 ἐνέοι
1071 2449 1190 2521 σφάλμα

134 2523 224 2592 φέρον
235 2524 273 2591 τῷ
284 2518 422 2593 βαρβάρῳ,
435 2525 492 2574 τῶν
502 2519 555 2591 μὲν
568 2519 644 2589 ἔλεγε
657 2519 746 2581 οὐδὲν,
761 2518 775 2570 ὁ
790 2519 821 2571 ἀὲ
835 2516 868 2571 τά
882 2521 1066 2589 εὐτυχέστατα
1080 2517 1190 2587 ἐκλεγό-

133 2607 218 2658 μενος
234 2589 308 2657 ἔλεγε
325 2587 374 2642 τόν
394 2607 423 2641 τε
435 2586 637 2655 Ἐλλήςαοντον
650 2586 686 2644 ὡς
699 2589 849 2655 ζευχθῆναι
861 2585 955 2659 χρεὼν
977 2592 1018 2655 εἴη
1035 2584 1192 2659 ὑπ’ἀνδρός

138 2659 257 2724 Πέρσεω,
269 2654 319 2722 τήν
330 2674 359 2708 τε
373 2657 468 2709 ἔλασιν
480 2653 660 2723 ἐξηγεόμενος
672 2663 721 2706 otc.

204 2725 261 2786 l'lb)
274 2726 304 2774 ll.
318 2724 408 2774 1Χ.42
427 2724 583 2774 Mardonium
605 2731 692 2774 narrat
708 2724 815 2775 dixisse:
837 2723 897 2776 ἔστι
913 2722 1019 2794 λόγιον,
1042 2719 1079 2782 ὥς
1096 2741 1119 2792 χ
1139 2719 1192 2777 εών

136 2790 196 2843 ἔστι
207 2794 320 2861 Πέρσας
336 2787 527 2858 ἀπικομένους
547 2789 575 2846 ἒς
592 2787 642 2872 την
655 2787 774 2842 Ἑλλάδα
796 2791 956 2862 διαρπάσαι
972 2791 1004 2844 τὸ
1023 2790 1087 2863 ἱρὸν
1106 2740 1139 2843 ag
1163 2791 1193 2844 ds

136 2860 283 2928 Δελφοῖσι,
293 2855 364 2928 μετά
377 2855 470 2922 δὲτὴν
483 2857 644 2926 ἀιαρπαγην
655 2854 942 2923 ἀπολέσθαιπάντας,
955 2870 1030 2928 atque
1044 2863 1192 2912 hocvatici-

137 2929 176 2977 nio
189 2928 225 2978 ita
235 2944 305 2977 usum
318 2943 384 2990 esse,
402 2932 432 2976 ut
448 2926 540 2977 Persas
558 2928 694 2978 incolumes
706 2927 804 2980 futuros
822 2945 879 2980 esse
895 2932 1005 2995 diceret,
1022 2931 1063 2996 qui
1080 2929 1191 2996 Delphos

137 2997 234 3045 omnino
248 3013 296 3045 non
309 2995 461 3058 tetigissent,
486 2994 577 3045 Herod,
590 3003 673 3046 antem
686 2999 732 3047 lroc
744 2999 823 3064 ipsum
835 2999 963 3049 oraculum
975 2999 1091 3065 primitus
1104 3015 1153 3048 non
1167 2999 1190 3048 iu

136 3063 241 3128 Persas,
255 3065 335 3113 sedin
349 3062 450 3129 lllyrios
463 3061 553 3113 lactum
567 3080 623 3114 esse
635 3066 699 3115 vult.
725 3066 817 3117 Contra
835 3067 859 3116 in
873 3082 978 3133 pugnam
990 3067 1192 3118 Plataeensema

136 3132 226 3182 Bacide
246 3133 293 3181 hoc
309 3131 471 3194 compositum
484 3146 540 3181 esse
552 3130 671 3184 affirmat:

272 3196 330 3264 Τὴν
342 3194 417 3249 δ’ἒπὶ
431 3194 611 3268 Θερμώδοντι
623 3199 793 3268 καὶΆσωπῴ
805 3204 937 3274 λεχεποίη
950 3211 999 3254 cot.
1010 3229 1045 3240 —

136 3267 298 3332 subjungens,
316 3282 344 3316 se
362 3267 422 3316 haec
435 3273 461 3317 et
472 3268 519 3317 alia
537 3270 674 3320 consimilia
690 3271 836 3321 vaticinios
850 3271 953 3322 Musaeo
969 3272 994 3321 in
1012 3271 1105 3323 Persas
1125 3270 1192 3323 lacta

136 3352 193 3386 esse
206 3337 280 3386 scire.
311 3335 422 3395 Constat,
441 3337 562 3401 quomodo
576 3337 667 3388 Graeci
684 3339 777 3388 talibus
794 3339 921 3390 vaticiniis
939 3341 979 3390 usi
1000 3340 1064 3402 sint,
1081 3355 1111 3390 ea
1129 3355 1192 3406 quac

136 3404 195 3470 ipsis
207 3402 335 3466 favebant,
348 3404 483 3468 aspernati,
499 3407 608 3456 secunda
624 3404 750 3457 foventes.
786 3406 849 3458 Nam
866 3408 942 3458 etiam
957 3409 1065 3458 alterum
1083 3408 1146 3458 illud
1162 3411 1192 3458 de

136 3487 217 3537 pugna
229 3471 371 3522 Plataeensi
384 3473 485 3538 proprie
498 3490 547 3523 nou
558 3473 659 3539 Persas,
677 3480 706 3524 ut
722 3474 778 3524 vult
795 3474 897 3539 Herod,
916 3477 960 3526 sed
973 3476 1114 3526 Amazonas
1134 3492 1192 3542 spc-

136 3540 226 3602 ctabat,
241 3538 272 3589 cl.
286 3547 337 3590 not.
350 3539 390 3591 46.
415 3541 451 3590 De
464 3542 519 3606 lide,
537 3558 607 3607 quam
621 3542 712 3593 Graeci
731 3543 840 3592 oraculis
857 3544 948 3594 trabere
965 3545 1155 3608 consueverint,
1168 3561 1193 3595 v.

137 3607 264 3656 Wachsm.
278 3609 365 3659 hellen.
379 3609 487 3660 Alteras.
502 3609 545 3660 lV.
558 3610 616 3660 268.
629 3637 664 3647 -
676 3610 792 3660 Ceterum
814 3609 845 3660 cl.
859 3627 921 3677 quae
939 3611 1048 3662 llerlX.
1071 3612 1101 3661 16
1126 3612 1194 3662 Tho·

136 3675 174 3724 bis
186 3690 200 3724 a
213 3675 290 3726 Persa
302 3679 406 3742 quodam
418 3678 486 3727 inter
498 3676 585 3743 epulas
598 3677 826 3739 dicunturaPersas
839 3680 916 3744 probe
929 3681 1003 3741 scire,
1017 3695 1044 3728 se
1057 3695 1116 3729 mox
1129 3681 1194 3731 inte-

137 3744 240 3806 rituros,
258 3760 344 3795 verum
357 3761 384 3794 se
397 3746 467 3811 sequi
480 3742 617 3814 ἀναγκαίη
631 3743 836 3814 ἐνδεδεμένους.
859 3748 930 3812 Num,
944 3741 987 3798 ὅτι
1001 3745 1046 3798 δεῖ
1056 3749 1195 3814 γενέσθαι

136 3806 166 3860 ἐκ
178 3811 226 3861 τοῦ
237 3812 315 3876 θεοῦ,
328 3808 475 3881 ἀμήχανον
487 3807 649 3878 ἀποτρέψαι
661 3808 813 3883 ἀνθρώπῳ.

144 3943 177 3998 *g
193 3879 245 4006 518)
260 3880 314 3931 Prs.
329 3898 351 3932 v.
365 3881 422 3932 753.
436 3881 523 3931 ταῦτα
535 3883 607 3936 τοῖς
623 3884 740 3937 κανοῖς
758 3879 866 3951 ὀμιλῶν
877 3877 1016 3953 ἀνάράσιν
1028 3878 1195 3936 ἀιάἀσκεται

139 3962 160 4002 ts
208 3964 245 4011 ης.

177 3964 192 4016 ρ
207 4017 246 4083 19)
260 4019 319 4070 739.
332 4018 390 4069 782.
404 4013 436 4068 οὐ
447 4009 619 4085 μνημονεύει
630 4011 679 4073 τὰς
690 4014 760 4086 ἐμὰς
772 4015 932 4075 ἐπιστολάς.
