2558 4530
377 345 559 399 Eleusinia
583 345 778 414 disputatio
795 349 816 401 1.
1076 349 1127 402 125

65 494 153 584 ὶερὁν
175 495 233 563 καὶ
254 498 313 586 τῆς
334 495 474 576 παιδός·
499 498 557 564 cdv
579 497 618 564 δέ
639 520 758 587 σφισιν
780 496 907 585 Ἀθηνᾶ
928 497 985 565 καὶ
1000 504 1127 566 Ποσει-

66 585 132 649 δῶν
147 577 260 666 ἔχουσι
274 580 384 665 τιμάς,
401 588 458 648 hoc
472 588 560 666 igitur
574 589 718 667 templum
734 589 779 650 illa
795 587 1031 667 Gephyraeorum
1045 608 1127 650 sacra

65 672 260 746 continuisse3
288 690 414 751 quacum
440 673 606 733 coniectura
632 673 704 733 haec
732 675 819 735 altera
839 673 992 733 coniuncta
1011 683 1068 747 est,
1094 681 1128 735 ut

65 758 184 818 demum
209 757 368 841 Γεφυρεῖς
388 758 512 818 eundem
531 758 624 819 fuisse
643 764 769 818 statuam
790 776 857 818 cum
879 776 929 830 eo,
954 758 1001 835 qui
1024 759 1126 819 ceteris

64 841 227 922 appellatur
242 833 327 924 Ἱερὰ
348 839 445 925 Συκῆ.
482 844 661 921 Argumento
682 850 728 903 est
745 851 809 903 tum
825 842 890 921 ipsa
904 843 978 903 ratio
993 843 1127 904 locorum
1236 862 1239 867 ¹

64 947 79 988 a
95 927 240 988 Pausania
256 927 486 1004 descriptorum3
502 945 570 988 nam
587 936 707 1007 apparet
718 928 860 1006 templum
873 934 902 987 et
913 927 1002 987 ficum
1015 946 1128 988 sacram

64 1012 200 1090 proxime
215 1031 231 1072 a
246 1011 333 1072 tluvio
349 1012 491 1091 Cephisso
504 1019 559 1072 eta
575 1019 667 1090 ponte
682 1013 827 1084 abfuisse3
839 1019 902 1072 tum
915 1012 994 1091 quod
1006 1012 1129 1072 numina

64 1098 120 1170 illa,
137 1098 172 1157 de
188 1096 292 1175 quibus
308 1104 406 1158 narrat
421 1097 595 1168 Pausanias,
616 1104 732 1158 constat
747 1117 762 1158 a
778 1097 956 1176 Gephyracis
973 1097 1048 1157 culta
1064 1116 1129 1158 esse

63 1189 178 1261 praeter
192 1181 361 1260 Neptunum
378 1181 491 1255 omnia3
506 1182 675 1260 Neptunum
690 1201 760 1243 vero
777 1182 855 1261 quod
871 1182 966 1243 Cereri
979 1190 1008 1242 et
1020 1181 1128 1243 Miner·
1146 1197 1173 1238 14

62 1286 114 1328 vae
129 1267 331 1337 adiunxerant,
354 1267 412 1327 hoc
426 1267 574 1328 mirationi
590 1286 657 1328 esse
671 1267 816 1344 nequitia
831 1272 928 1344 gente,
950 1285 1023 1345 quae
1038 1267 1127 1328 mari-

62 1353 165 1413 timam
182 1352 251 1411 olim
269 1371 350 1412 oram
368 1351 541 1412 accoluerat.
564 1352 671 1411 Totam
687 1359 782 1411 autem
795 1352 944 1429 regionem
958 1369 1019 1411 non
1031 1352 1127 1412 solum

63 1437 217 1515 gentilibus
234 1436 474 1514 Gephyraeorum
490 1437 582 1496 sacris
598 1436 762 1514 religiosam
778 1436 877 1507 fuisse,
894 1436 945 1496 sed
961 1437 996 1496 ad
1013 1437 1128 1515 publica

64 1523 153 1582 otiam
170 1522 290 1581 dearum
302 1520 518 1580 Eleusiniamm
533 1538 613 1580 sacra
626 1520 804 1598 pertinuisse
816 1521 943 1580 cernitur
954 1529 1016 1580 tum
1030 1540 1064 1581 er
1076 1540 1126 1599 ge-

64 1605 225 1684 phyrismis
239 1605 288 1683 qui
303 1604 490 1677 vocabantur,
506 1611 568 1665 tum
585 1624 619 1664 er
631 1605 697 1678 hoo,
710 1605 788 1683 quod
802 1607 837 1665 de
848 1605 911 1665 vico
925 1604 1029 1666 Sacrae
1041 1605 1126 1666 Ficus

65 1692 188 1750 adnotat
203 1689 395 1750 Philostratus
412 1689 430 1748 l.
449 1709 473 1749 3.
489 1684 532 1749 τοὶ
554 1683 592 1749 δὲ
611 1681 838 1751 Ἐλευσινόθεν
860 1680 931 1770 ἱεροὶ
951 1683 1069 1773 ἐπειδὴ
1093 1684 1128 1764 ἐς

64 1766 149 1835 dioro
171 1764 320 1853 ἄγουσιν,
344 1768 413 1835 ἐκεῖ
434 1765 669 1835 α’νανῑαύυυσιν.
705 1775 744 1835 03
771 1775 985 1858 γεφυρισμοῖς
1011 1782 1128 1836 constat

63 1879 98 1920 ex
119 1858 265 1920 Strabone
284 1859 337 1930 IX,
358 1859 435 1930 400,
459 1859 507 1938 qui
527 1859 609 1919 locus
633 1878 722 1937 supra
743 1861 906 1937 exscriptus
927 1869 984 1929 est,
1001 1860 1126 1938 Hesych.

64 1965 88 2006 ε.
105 1964 140 2017 u,
155 1945 312 2004 Ammonio
329 1943 365 2003 de
380 1943 439 2004 dili.
457 1943 533 2004 verb.
547 1964 576 2023 p.
592 1943 702 2022 128sq.
720 1963 744 2004 o.
761 1952 822 2004 not.
839 1943 1022 2018 1131313336).
1058 1945 1128 2005 Erat

63 2031 121 2090 hoo
136 2030 280 2090 ludicrum
302 2028 364 2089 eius
386 2029 514 2107 generis,
536 2029 618 2089 cuius
635 2029 714 2108 quod
730 2028 759 2088 iu
775 2028 857 2089 festis
873 2028 969 2088 Liberi
986 2028 1077 2105 patris
1093 2022 1130 2102 ἐξ

65 2107 198 2191 ἁμαξῶν
220 2113 419 2192 appellabatur
442 2113 659 2191 (Parocmiogr.
683 2114 706 2180 1,
730 2132 759 2192 p.
783 2112 862 2186 453)
890 2132 924 2173 33
948 2105 1072 2194 Στήνια
1097 2113 1127 2172 13

65 2198 311 2277 Thesmophoriis
331 2201 372 2272 (v.
394 2198 533 2261 Zeitsohr.
555 2199 575 2258 f.
597 2200 630 2258 h.
655 2197 736 2259 1835
758 2198 812 2258 No.
829 2196 869 2258 98
883 2217 911 2277 p.
929 2197 1013 2275 792).
1040 2196 1127 2257 Assi-

64 2283 151 2344 debat
167 2283 212 2343 331
226 2283 397 2343 facetiarum
416 2282 507 2342 libido
529 2283 633 2343 eratin
649 2290 740 2360 ponte
757 2283 835 2358 (inde
852 2277 1052 2366 γεφυρίζειν,
1074 2301 1127 2362 γε-

64 2361 236 2450 φυριστής,
261 2360 476 2449 γεφυρισμός)
490 2384 676 2444 personaque
691 2367 792 2426 induta
808 2361 1128 2445 (συγκαλυπνόμενος

63 2452 203 2529 Hesych.)
220 2458 332 2530 mystas
349 2456 568 2527 praetereuntes
584 2443 621 2522 ἐξ
643 2441 803 2526 ὀνόματος
814 2450 1028 2521 ludificabatum
1044 2451 1127 2511 cuius

64 2535 225 2595 dicacitatis
242 2534 372 2611 exempla
388 2533 555 2612 suppeditat
568 2533 778 2610 Aristophanes
792 2534 820 2592 in
833 2533 923 2592 Ranis
936 2553 961 2591 v.
975 2533 1035 2593 390
1048 2553 1128 2613 sqq.;

63 2621 128 2681 416
145 2639 209 2698 sqq.
248 2619 290 2679 Ad
312 2618 494 2677 notationem
515 2636 582 2677 vero
600 2617 767 2677 Philostrati
792 2618 870 2695 quod
887 2617 998 2690 attinet,
1019 2626 1127 2697 mystas

62 2707 93 2765 in
110 2704 174 2765 vico
188 2705 293 2764 Sacrae
305 2704 391 2764 Ficus
407 2702 554 2780 paullatim
571 2702 747 2775 substitisse,
764 2722 831 2764 cum
846 2722 928 2763 sacra
939 2702 1085 2765 Eleusinia
1097 2703 1127 2764 in

62 2789 167 2850 urbem
184 2790 345 2860 duxissent,
362 2789 495 2866 equidem
512 2805 573 2847 non
590 2788 625 2847 de
640 2788 736 2848 reditu
751 2798 912 2866 mystarum
930 2789 1125 2867 cogitaverim,

63 2895 122 2953 quo
143 2893 224 2934 sacra
245 2874 305 2944 illa,
330 2873 451 2952 quaein
473 2891 584 2951 pompa
598 2873 693 2933 laochi
709 2872 818 2934 XXmo
834 2873 1059 2934 Boedromionis
1081 2873 1126 2935 die

61 2960 229 3020 Eleusinem
246 2959 333 3020 ducta
348 2965 438 3031 erant,
454 2958 582 3018 Athenas
597 2958 820 3036 reportaverint,
838 2960 889 3019 sed
905 2959 940 3019 de
952 2959 1004 3019 alia
1016 2979 1126 3039 pompa

62 3044 178 3122 alioque
198 3044 257 3116 die3
279 3061 347 3103 nam
369 3043 502 3104 videntur
523 3051 633 3121 mystae
649 3043 736 3104 etiam
752 3042 816 3102 XVI
827 3063 875 3104 mo
893 3045 921 3104 d.
937 3044 1056 3116 Boedr„
1077 3044 1125 3122 qui

63 3128 125 3190 dies
141 3128 298 3189 vocabatur
314 3118 416 3188 ἅλαδε
437 3121 571 3206 μύσται,
583 3128 749 3188 Eleusinem
762 3129 980 3205 commigrasse,
992 3147 1018 3187 v.
1030 3129 1123 3208 Etym.

62 3215 99 3273 Μ.
116 3233 145 3291 p.
163 3213 234 3285 469,
254 3212 291 3273 18
309 3203 381 3292 13ρᾶ
405 3205 483 3285 ὁδὸς
507 3203 584 3285 ὁδός
606 3232 658 3285 τις
680 3204 718 3295 ἦν
739 3205 759 3293 ἦ
784 3205 832 3285 εἰς
843 3205 1009 3273 Ἐλευσῖνα
1024 3203 1124 3292 ἄγου·
1143 3229 1169 3270 15
1209 3279 1215 3288 ,

63 3315 117 3373 σα,
140 3287 180 3381 ἣν
202 3289 344 3359 α’ντίασιν
367 3288 399 3357 oi
421 3291 545 3374 μύσται
574 3291 724 3371 diadar).
765 3295 870 3356 Verum
896 3299 953 3357 hoc
980 3303 1044 3357 utut
1070 3306 1124 3366 est,

132 3585 156 3647 6)
175 3585 227 3635 Hoc
239 3604 289 3637 uno
302 3588 358 3636 1333
377 3593 403 3635 31
413 3587 477 3651 apud
490 3585 575 3636 Thom.
589 3586 656 3649 Mag.
670 3603 693 3636 v.
708 3585 842 3654 σκῶμμα,
859 3584 900 3633 ubi
910 3585 996 3634 eadem
1007 3593 1124 3650 repetun-

62 3660 111 3713 tur,
130 3653 160 3701 do
177 3654 290 3718 pluribus
304 3653 421 3719 pontibus
434 3653 546 3718 Cephissi
564 3661 729 3717 memoratur,
748 3646 925 3721 γεφυρισμὸς
943 3650 974 3702 δὲ
995 3647 1053 3703 ἀπὸ
1074 3655 1124 3705 τοῦ

61 3718 128 3776 τοὺς
144 3718 296 3794 Ἀθήνῃσιν
307 3721 356 3772 ἐπὶ
368 3721 424 3771 τῶν
436 3718 566 3786 γεφυρῶν
578 3717 748 3789 ἐπιγράφειν
757 3717 819 3786 ἤτοι
832 3718 956 3790 ἔμμετρα
968 3717 984 3784 ἢ
998 3723 1044 3771 καὶ
1057 3720 1124 3791 δίχα

60 3788 173 3856 μέτρων
192 3784 367 3858 διασυρμούς
385 3803 468 3838 τινων
485 3784 598 3852 ἔχοντας
617 3803 679 3851 quae
699 3795 780 3838 tamam
799 3789 942 3838 testimonia
960 3790 1020 3839 nihil
1038 3791 1124 3841 valent

61 3865 150 3907 contra
173 3859 319 3908 coniunctas
341 3857 492 3922 reliquorum
516 3853 691 3917 auctoritates,
714 3857 863 3920 praesertim
884 3873 938 3906 cum
956 3860 1030 3908 etiam
1047 3860 1077 3908 de
1095 3876 1122 3908 re

60 3941 146 3989 parurn
160 3933 278 3977 accurate
290 3923 411 3975 referunt.

131 3995 156 4056 l)
177 3993 223 4056 [el.
235 3993 423 4044 Westermann.
437 3991 461 4040 in
472 3989 597 4040 Zeitsohr.
610 3986 651 4040 su'r
663 3990 703 4039 dic
712 3989 901 4042 Alterthumsw.
913 3991 985 4056 1843,
996 4009 1019 4058 p.
1033 3992 1099 4054 ctu]
