2558 4530
67 270 72 282 ·
128 318 159 368 lh
482 315 523 364 Ile
541 314 693 382 Aeschyli
709 314 822 367 Persis.

88 508 113 547 ao
212 482 302 561 Igitur
317 484 345 545 id
359 485 389 545 in
404 484 571 546 universum
588 483 776 563 propositum
792 491 853 546 crat
867 485 1020 566 Aeschylo,
1044 491 1080 546 nt
1100 486 1187 548 nobi·

126 571 168 631 les
184 569 255 642 illas,
271 587 392 648 quarum
408 578 523 632 aeterna
538 569 684 630 memoria
706 577 750 630 cst
761 571 820 643 25),
844 569 1023 633 Graecorum
1046 571 1186 634 victorias

128 655 164 715 de
179 654 313 717 Barbaria
325 663 499 736 reportatas,
516 653 699 722 Salaminios,
716 653 909 729 Plataeenses,
924 657 1127 731 llimerenses,
1144 657 1187 719 fa-

87 761 112 799 21
128 741 236 802 ciendis
251 741 319 803 inde
334 740 519 819 imaginihus,
540 757 613 816 quae
632 737 771 816 tragicam
787 740 913 801 indolem
935 742 1088 817 haberent,
1113 760 1187 804 con-

126 826 291 888 celebraret.
321 828 352 887 ld
369 842 554 904 nequaquam
570 823 608 884 ita
631 823 717 884 abeo
736 823 844 886 factum
861 845 927 887 esse
946 847 962 887 a
978 827 1114 907 plurimis
1132 828 1185 889 ob-

126 920 271 973 servatum
286 920 340 984 est,
354 918 388 971 nt
402 916 510 970 certam
526 908 592 968 inde
607 915 635 969 et
656 909 804 971 delinitam
826 912 970 972 actionem
996 913 1138 985 effecerit,
1160 919 1188 974 et

126 998 151 1057 ei
166 997 396 1077 implicationem
415 996 473 1055 hoc
492 992 613 1054 nomine
633 994 758 1073 dignam,
778 997 985 1058 enodationem
1006 998 1184 1058 discriminis

126 1085 262 1144 idoneam
279 1088 332 1142 cet.
349 1080 526 1156 dederitlib.
558 1079 615 1140 Sed
635 1080 778 1159 picturam
800 1082 893 1160 qnasi,
915 1083 1062 1161 poeticam
1083 1101 1186 1144 narra-

126 1169 237 1228 tionem
254 1167 290 1226 ad
305 1165 439 1245 imaginis
457 1164 584 1226 formam
611 1183 779 1244 expressam
805 1167 974 1242 effinxit27)
1001 1186 1125 1247 eamque
1148 1169 1185 1230 ita

127 1254 309 1327 instructam,
324 1259 357 1312 nt
370 1251 464 1313 tribus
480 1251 562 1331 qnasi
577 1251 735 1329 figurarum
758 1252 1017 1332 complexionibus,
1037 1272 1112 1333 quae
1132 1254 1185 1315 tria

92 1367 95 1370 ·
128 1344 209 1399 erant
226 1338 317 1399 totius
339 1337 380 1398 rei
403 1345 551 1398 momenta
571 1336 751 1416 principalia,
771 1337 1013 1417 exprimerentur.
1051 1339 1184 1399 Primum

126 1424 215 1504 prisci
228 1424 267 1484 illi
281 1426 464 1503 Argonautae
480 1423 683 1503 producuntur
699 1441 765 1483 cum
782 1422 828 1495 iis,
840 1423 889 1501 qni
901 1430 1026 1503 pontum
1037 1424 1185 1485 Euxinum

127 1511 268 1583 accolunt,
289 1510 469 1571 dimicantes.
495 1507 605 1568 lleindc
619 1508 753 1586 ipsorum
769 1526 882 1582 eorum,
897 1508 946 1588 qni
958 1517 1030 1570 tunc
1040 1509 1184 1588 temporis

126 1595 243 1655 Hellada
257 1594 402 1665 tenebant,
422 1592 600 1652 Graecorum
621 1610 688 1653 cum
703 1591 800 1652 Persis
823 1601 970 1654 certarnen
991 1601 1075 1655 atrox
1096 1611 1185 1654 mon-

127 1686 244 1741 stratur.
271 1678 400 1755 Denique
416 1675 635 1737 occidentalium
651 1676 736 1737 ctiam
750 1677 925 1740 Graecorum
938 1679 1076 1740 victoriae
1088 1679 1125 1739 de
1140 1679 1186 1752 iis,

128 1765 178 1845 qni
192 1763 247 1824 hac
260 1771 343 1844 parte
357 1781 459 1841 graeco
475 1761 589 1821 nomini
604 1760 788 1823 infestissimi
809 1771 900 1835 erant,
921 1764 957 1824 de
978 1764 1087 1826 Poenis
1108 1771 1137 1825 et
1151 1763 1186 1825 de

126 1848 259 1911 Etruscis
275 1854 438 1927 reportatae
455 1847 659 1907 ostenduntur.
693 1847 763 1909 Vide
783 1857 889 1927 quanta
908 1856 969 1910 arte
983 1849 1090 1910 Noster
1113 1850 1186 1922 illas,

127 1955 200 2016 quae
214 1935 382 2014 nuperrime
398 1941 427 1994 et
441 1933 476 1993 ab
492 1932 564 2011 ipsis
579 1933 793 2010 spectatoribus
809 1941 906 2012 gestae
917 1942 1008 2005 erant,
1024 1952 1072 1995 res
1084 1954 1118 1995 ex
1135 1953 1185 1995 so-

126 2023 192 2098 litis,
210 2021 316 2101 quibus
325 2039 372 2080 res
381 2019 466 2097 vulgo
479 2017 539 2096 geri
550 2025 578 2078 ct
589 2017 712 2097 judicari
724 2019 827 2093 solent,
839 2020 1056 2081 conditionibus
1069 2038 1185 2081 exeme-

126 2108 173 2180 rit,
191 2116 220 2167 ct
234 2107 269 2167 ad
287 2106 418 2166 altiorem
435 2103 579 2182 quendam
596 2103 716 2181 gradum
737 2111 823 2183 atque
842 2111 1031 2184 prospectum
1052 2106 1186 2179 evexerit,

127 2192 176 2254 ubi
192 2191 288 2271 prisca
304 2207 366 2250 non
381 2189 470 2250 modo
487 2187 633 2268 majestas,
648 2207 748 2249 verum
764 2190 900 2269 religiosa
915 2208 1032 2270 quoque
1047 2190 1185 2252 sanctitas

128 2277 163 2338 iis
191 2277 423 2356 adspergeretur.
462 2274 532 2335 Vide
557 2273 652 2349 etiam,
681 2283 786 2352 quanta
812 2276 957 2355 voluptate
977 2283 1077 2336 motos
1100 2284 1187 2355 pute-

89 2382 114 2420 22
128 2382 196 2424 mus
211 2362 415 2436 Athenienses,
438 2361 474 2422 ad
495 2367 633 2440 quantam
654 2358 742 2423 simul
763 2360 860 2423 omnis
877 2361 984 2440 gloriae
999 2369 1028 2422 et
1041 2360 1186 2422 libertatis

128 2546 280 2598 Graecorum
297 2548 395 2600 landem
414 2549 563 2600 cumulatam
580 2547 659 2598 luisse
675 2549 812 2598 verisimile
830 2555 908 2608 esset,
926 2547 975 2596 nisi
986 2547 1105 2613 temporis
1118 2548 1187 2597 ratio

127 2616 314 2665 adversaretur.
340 2618 446 2668 Constat
458 2619 522 2667 euim
535 2631 640 2681 pugnam
658 2615 827 2678 Salaminiam,
842 2615 1020 2679 llimerensem,
1038 2616 1188 2682 Cymensexn

129 2681 169 2730 01.
179 2681 220 2744 75,
235 2682 257 2730 1.
270 2681 328 2746 480,
340 2683 513 2733 Plataeensem
526 2691 552 2733 et
562 2683 731 2747 Mycalensem
744 2683 785 2746 75,
798 2681 822 2731 2.
837 2681 896 2730 479.
913 2684 998 2732 cadem
1011 2684 1050 2734 die
1063 2690 1188 2749 pugnatas

128 2747 215 2798 luisse.
239 2748 277 2796 An
290 2749 436 2815 Cymensem
449 2765 555 2815 pugnam
567 2765 582 2799 a
595 2748 690 2799 Glauco
703 2750 796 2798 reduce
809 2749 947 2800 nuntiatam
964 2748 1041 2801 luisse
1054 2755 1188 2817 puteanus?

128 2844 163 2853 —
175 2815 297 2864 Etruscos
315 2832 459 2882 quamquam
472 2819 557 2867 eodem
574 2832 648 2879 anno,
666 2824 748 2866 tamen
766 2817 849 2882 paullo
868 2818 950 2867 serius
966 2834 1037 2883 qnam
1055 2819 1189 2882 Carthagi-

130 2885 230 2934 nienses
243 2883 273 2931 ab
286 2883 394 2934 Hierone
406 2882 476 2933 lusos
489 2900 555 2946 esse,
565 2884 675 2934 Diodoro
694 2885 763 2934 solos
776 2885 897 2936 Etruscos
909 2894 1068 2952 memorante,
1083 2886 1115 2938 cl.
1127 2888 1187 2938 llis-

130 2969 174 3004 scn
187 2953 219 3001 ad
231 2950 301 3001 Pind.
313 2951 387 3016 Pytb.
402 2950 420 3002 l.
439 2951 478 3002 73.
505 2951 595 3003 Graeci
613 2967 707 3018 pugnas
725 2952 880 3018 Salaminiae,
898 2954 1065 3015 Himcrenses,
1079 2955 1188 3022 Cymen-

130 3037 172 3071 ses
182 3020 291 3083 jungere
308 3019 383 3084 soliti,
402 3018 432 3069 cf.
445 3020 551 3070 Aristot.
568 3028 634 3086 poet.
647 3019 688 3070 23.
705 3028 731 3070 et
743 3020 812 3071 Pind.
824 3021 852 3071 P.
869 3022 889 3083 l,
903 3022 943 3072 72.
957 3023 1010 3085 79,
1028 3025 1136 3073 carmine
1154 3026 1188 3075 ad

130 3091 210 3156 ipsum
222 3087 356 3137 Hieronem
368 3087 489 3137 victorem
502 3088 605 3153 scripto.
617 3115 652 3125 -
664 3088 700 3138 lle
713 3089 752 3152 iis,
769 3105 831 3156 quae
847 3091 976 3156 paullatim
989 3092 1073 3141 addita
1091 3093 1143 3141 sint
1155 3095 1188 3143 ad

130 3161 174 3208 has
192 3171 287 3223 pugnas
299 3171 315 3204 a
328 3153 431 3205 Graecis
443 3162 470 3206 ct
481 3171 496 3206 a
509 3156 599 3206 Siculis
612 3157 732 3207 adversus
745 3157 868 3208 Barbaros
881 3166 1002 3224 pugnatas
1014 3161 1110 3210 arctius
1124 3176 1189 3210 con-

131 3225 275 3285 nectendas,
292 3239 317 3272 v.
336 3222 471 3273 Dahlmann
488 3223 672 3290 Forscdungen
685 3222 704 3274 l.
724 3224 781 3275 186.
794 3254 828 3264 -
840 3225 867 3276 si
884 3241 925 3289 ea,
944 3243 1005 3293 qnae
1019 3243 1051 3277 cx
1061 3227 1187 3279 Herodico

131 3293 262 3345 obscurius
279 3297 456 3355 memorantur,
474 3292 570 3355 integra
589 3299 726 3358 exstarent,
744 3294 774 3343 de
790 3294 872 3344 altera
884 3294 929 3344 illa
940 3296 1096 3358 recensione,
1114 3312 1189 3362 quam

130 3362 272 3429 Aeschylus
282 3359 398 3410 Hieronis
411 3366 436 3408 ct
448 3359 662 3426 Syracusanorum
674 3361 756 3423 gratia
768 3359 866 3426 iecerit,
879 3363 933 3412 sine
943 3364 1016 3414 dnbio
1031 3365 1091 3414 haec
1104 3366 1189 3416 omnia

130 3430 203 3482 facile
217 3428 349 3493 dijudicari
360 3434 472 3492 possent.
496 3427 633 3490 Fortassis,
650 3444 712 3496 quae
731 3429 807 3480 ibide
820 3445 901 3496 pugna
913 3429 1064 3497 Plataeensi,
1077 3433 1116 3482 eui
1129 3434 1188 3498 plus

131 3500 215 3549 dutum
227 3499 268 3560 sit,
281 3504 458 3560 memorantur,
471 3511 502 3545 ea
512 3497 548 3547 ita
559 3496 723 3560 intelligenda
734 3505 801 3560 sunt,
814 3505 843 3548 ut
854 3499 879 3547 in
890 3498 971 3550 altera
982 3500 1026 3550 illa
1039 3501 1187 3551 recensione

130 3566 289 3617 Plataeensia
302 3566 394 3616 omissa
406 3562 508 3625 luerint,
526 3572 552 3614 et
563 3580 608 3630 pro
621 3565 652 3616 iis
664 3565 820 3616 Himerensis
837 3565 893 3616 laus
905 3569 1032 3619 restituta.

198 3635 241 3698 25)
252 3627 273 3684 ὦ
285 3630 377 3685 κλεινὰ
394 3632 530 3702 Σαλαμὶς,
549 3630 583 3684 σὺ
599 3632 654 3700 μέν
666 3651 723 3684 που
734 3635 822 3690 ναίεις
834 3629 1027 3704 ἁλίηλαγκτος,
1043 3633 1188 3706 εὐδαίμων

132 3703 222 3754 πᾶσιν
235 3704 408 3771 περίφαντος
419 3695 470 3752 ἀεί.
496 3701 570 3766 Sopb.

198 3770 241 3834 26)
261 3770 298 3820 Cf.
313 3777 364 3821 not.
382 3771 406 3821 9.
419 3770 501 3820 Herm.
514 3770 532 3819 l.
545 3785 568 3820 c.
581 3784 604 3834 p.
619 3768 659 3819 88.

199 3839 241 3901 27>
255 3838 385 3902 lngeniose
399 3840 460 3888 haec
476 3836 560 3889 labala
574 3831 696 3907 μουσικὴ
714 3837 825 3908 ἱστορία
841 3838 933 3889 dicitur
949 3838 980 3889 ab
1000 3855 1039 3902 eo,
1057 3841 1096 3904 qni
1117 3841 1185 3891 vitae

132 3908 250 3973 Aeschyli
269 3907 328 3958 Cod.
341 3905 446 3958 bobert.
458 3913 547 3958 auctor
559 3912 607 3957 est.
