2558 4530
406 348 447 398 llo
463 348 620 414 Aeschyli
643 348 761 399 Persis.
1081 349 1111 399 1³

54 517 150 590 Quem
167 514 252 577 sicuti
267 514 298 575 in
313 513 426 587 ceteris,
448 533 521 595 quae
536 514 571 575 ah
590 533 626 575 eo
641 519 764 588 exstant,
778 511 884 576 fabulis
900 515 1007 596 mythis
1023 516 1112 576 ador·

54 601 160 664 nandis
180 608 209 662 et
227 600 467 680 interpretandis,
488 600 582 679 iisque
603 600 638 661 ad
659 606 753 660 cerus
768 599 906 674 rationes,
921 601 997 662 unde
1012 601 1112 661 omnia

55 693 84 748 et
98 687 211 764 singula
222 685 345 748 derivari
356 686 481 766 possint,
497 684 681 759 reducendis,
697 685 868 747 nominihus
880 686 1002 765 denique
1015 687 1112 747 omni-

54 772 111 834 bus
127 791 160 834 ac
175 772 298 850 singulis
314 772 362 852 pie
382 789 416 832 ac
430 772 577 852 sapienter
591 769 793 832 describendis
814 771 935 832 mirifice
950 766 1062 855 σοφόν,
1085 779 1113 832 et

55 858 191 919 omnium
208 858 386 919 Graecorum
401 851 564 938 θεολόγον
574 855 656 918 facile
666 855 831 934 principem
847 876 915 918 esse
927 857 1113 919 demonstra·

54 943 96 1004 vit
115 943 257 1004 Klausen:
284 942 322 1004 ite
342 961 408 1004 eum
430 961 483 1022 ego
504 943 560 1004 hac
581 941 612 1003 in
641 941 739 1003 fabula
761 936 1027 1005 πολιτικώτατον
1049 961 1114 1004 esse

55 1027 190 1103 dixerim,
207 1029 255 1108 qui
270 1046 331 1089 non
345 1029 435 1089 modo
447 1028 479 1089 in
494 1027 540 1102 iis,
557 1046 630 1107 quae
644 1035 707 1089 tum
720 1034 812 1102 erant,
831 1028 1011 1091 Graecorum
1023 1029 1114 1090 ratio·

55 1114 143 1175 nibus
159 1113 294 1193 politicis,
314 1114 364 1174 sed
385 1113 417 1174 in
431 1114 567 1175 universa
582 1113 668 1174 etiam
691 1113 815 1192 quadam
836 1115 968 1176 omnium
984 1116 1114 1193 gentium

55 1207 84 1261 et
100 1199 283 1261 saeculorum
292 1199 417 1261 historia
428 1200 522 1260 mirus
531 1199 620 1279 judex
632 1207 718 1278 atque
730 1198 837 1260 arbiter
848 1201 997 1261 exstiterit.
1013 1201 1114 1281 Neque

56 1303 124 1346 vero
140 1285 210 1347 illud
225 1285 256 1345 in
275 1285 333 1346 fine
351 1302 414 1345 non
435 1284 649 1346 observandum
670 1292 725 1357 est,
745 1292 885 1362 quantum
904 1285 1063 1364 Aeschylus
1083 1287 1114 1346 in

54 1377 134 1432 muta
149 1370 289 1450 gravitate
304 1389 337 1432 ac
352 1369 529 1432 sublimitate
544 1369 697 1431 efficienda
712 1369 747 1430 ab
763 1369 845 1448 ipsis,
860 1371 964 1449 quibus
981 1372 1114 1433 utebatur

56 1475 128 1518 suae
144 1457 243 1516 aetatis
258 1455 426 1534 aequalibus
449 1455 566 1534 adjutus
588 1454 684 1514 fuerit.
715 1454 790 1514 Nam
811 1455 941 1534 primum
961 1457 1031 1516 haec
1051 1457 1115 1534 ipsa

56 1541 139 1612 bella,
163 1559 236 1618 quae
252 1540 371 1601 Graecis
391 1557 469 1601 nunc
483 1540 622 1601 adversus
638 1538 741 1600 Persas
757 1540 927 1608 sustinenda
948 1540 1116 1615 erantne),

57 1625 219 1687 maximum
234 1624 303 1686 illud
317 1626 392 1686 etad
405 1643 510 1686 omnes
519 1624 698 1686 Graecorum
711 1625 895 1686 conditiones
907 1626 1114 1703 gravissimum

57 1712 223 1785 effecerunt,
238 1717 271 1772 ut
285 1710 387 1773 Graeci
401 1710 531 1773 universi
543 1710 661 1791 jamjam
675 1712 711 1772 ad
725 1727 812 1772 unam
825 1710 951 1792 amplam
964 1713 1113 1773 nationem

56 1798 249 1875 conspiraret
258 1799 285 1873 2)
302 1802 332 1857 et
342 1815 445 1858 omnes
457 1815 512 1877 pro
524 1795 644 1876 siugulis
657 1804 734 1858 stare
744 1796 914 1876 inciperent.
935 1798 1021 1871 Quid,
1035 1797 1114 1877 quod
1128 1817 1153 1856 ar

56 1901 93 1943 eo
109 1882 195 1943 etiam
211 1881 434 1944 universalitatis
446 1918 486 1926 —
498 1890 531 1944 ut
546 1881 584 1943 ita
596 1881 689 1943 dicam
702 1917 743 1926 -
756 1882 785 1943 in
797 1882 885 1943 rebus
897 1883 977 1943 domi
994 1902 1028 1944 ac
1041 1882 1115 1943 foris

56 1968 192 2047 gerendis
208 1974 237 2028 et
247 1967 412 2048 judicandis
435 1987 516 2030 nunc
532 1968 661 2047 primum
676 1967 882 2041 evehebantur,
897 1975 930 2029 ut
945 1970 1048 2029 ceteris
1065 1987 1115 2028 or·

54 2052 100 2114 bis
116 2061 261 2116 terrarum
278 2054 407 2133 partibus
420 2055 456 2116 ad
468 2053 614 2115 barbaros
627 2052 737 2127 delatis,
751 2052 851 2114 Graeci
864 2052 920 2114 sibi
932 2053 1006 2132 ipsis
1018 2054 1116 2114 Euro-

56 2158 110 2217 pae
124 2146 264 2218 tanquam
279 2147 376 2219 partes
393 2139 544 2220 gerendas,
561 2147 589 2200 et
604 2157 686 2200 suam
703 2139 837 2218 gloriam,
858 2138 1029 2209 libertatem,
1054 2139 1115 2200 cul-

55 2233 152 2286 turam
168 2224 293 2303 denique
310 2242 430 2287 omnem
451 2225 573 2287 eandem
592 2224 729 2303 Europae
749 2243 815 2285 esse
835 2224 1114 2299 arbitrarenturlll.

55 2309 225 2371 Consimilis
237 2317 334 2370 autem
349 2318 421 2372 tunc
431 2311 557 2371 maxime
571 2310 715 2388 temporis
729 2310 803 2370 iacta
819 2317 863 2370 est
877 2329 975 2371 rerum
988 2310 1115 2390 posteris

56 2394 264 2455 tradendarum
279 2394 444 2456 immutatio
461 2412 586 2466 summa,
607 2412 696 2472 eaque
708 2394 788 2454 valde
804 2395 1011 2456 memorabilis.
1041 2395 1115 2456 Nam

57 2477 170 2550 missiS,
187 2479 216 2538 in
233 2477 337 2555 quibus
357 2479 471 2558 priores
487 2477 677 2556 potissimum
692 2478 816 2549 fuerant,
833 2478 938 2538 fabulis
954 2497 1116 2557 congeren-

59 2563 106 2624 dis
121 2569 150 2623 et
168 2563 204 2624 ad
225 2561 334 2622 nudam
355 2563 479 2642 aliquam
496 2561 694 2623 narrationem
712 2561 885 2640 redigendis,
903 2563 963 2642 jam
983 2581 1062 2625 nunc
1081 2565 1117 2625 ad

57 2667 101 2722 ea,
123 2666 196 2728 quae
211 2649 359 2727 praesenti
374 2655 508 2728 tempore
522 2646 706 2725 gerebantur,
725 2648 885 2709 enarranda
907 2650 1117 2712 converteban-

56 2736 176 2811 tur-44),
193 2750 285 2813 eaque
296 2732 333 2793 ita
346 2734 464 2813 quidem
476 2732 675 2805 describenda,
692 2740 724 2794 ut
735 2733 904 2795 universalis
917 2733 1043 2815 quidem,
1056 2756 1114 2816 quo
1130 2759 1155 2798 re

58 2819 158 2880 omnia
172 2827 305 2899 tempora
326 2827 354 2880 et
371 2820 435 2881 loca
451 2819 570 2891 coirent,
592 2818 730 2892 ambitus,
751 2826 779 2880 et
802 2820 969 2882 continuata
984 2841 1084 2883 rerum
1101 2841 1116 2882 a

57 2903 163 2985 priscis
183 2904 260 2965 aevis
276 2923 370 2983 usque
391 2906 427 2967 ad
447 2925 480 2966 ea
498 2911 641 2983 tempora,
664 2922 737 2983 quae
758 2923 837 2967 nunc
856 2915 947 2980 erant,
967 2915 1116 2986 gestarum

57 2988 148 3050 series
164 2990 334 3051 efficeretur.
362 2992 425 3064 Qua
437 2989 467 3050 in
482 3009 514 3050 re
525 2989 601 3051 miro
619 2990 745 3070 quodam
758 2993 848 3053 modo
861 2991 937 3054 inter
949 3000 1116 3054 accuratam

57 3076 133 3136 illam
149 3071 214 3136 τῶν
236 3069 457 3160 συγγραφέων,
473 3094 546 3155 quae
560 3095 631 3137 mox
645 3076 764 3138 invaluit
778 3076 1066 3157 historiographiam,
1089 3085 1118 3138 et

61 3212 243 3220 --—--—-
249 3213 263 3218 v<

64 3275 68 3281 ’
126 3278 185 3343 Alb)
199 3278 237 3330 Cl.
250 3295 312 3346 qnae
326 3281 453 3333 Wechsm.
466 3283 497 3332 de
509 3283 554 3331 hec
567 3297 595 3330 re
608 3281 712 3332 disserit
723 3281 811 3332 bellem
826 3281 977 3333 attestati.
991 3281 1070 3330 initio.

126 3347 169 3412 42)
182 3347 418 3400 Luculentissimum
432 3351 505 3414 hujus
518 3350 555 3399 rei
568 3350 709 3415 exemplum
723 3357 808 3400 exstat
817 3350 841 3398 in
853 3349 1053 3414 praeclarissima
1064 3348 1115 3410 ille,

60 3431 132 3480 quam
144 3415 256 3467 Aristide
269 3418 331 3468 duce
346 3418 512 3468 Athenienses
524 3419 555 3467 ad
569 3419 659 3467 Persas
673 3425 699 3466 et
711 3416 921 3466 Lacedaemonios
932 3418 1061 3480 dederunt,
1074 3431 1116 3465 re-

59 3483 192 3549 sponsione
204 3483 295 3536 llerod.
307 3485 372 3537 Vlll.
388 3485 444 3536 143.
457 3487 513 3536 144.
539 3485 585 3535 Ubi
599 3485 666 3534 inter
678 3484 739 3532 alie:
757 3479 789 3532 τὸ
800 3479 957 3546 Ἑλληνικὸν
974 3480 1021 3534 ἰὸν
1034 3476 1116 3566 ὅμαι-

57 3547 117 3633 μόν
129 3566 158 3632 ²⁸.
169 3552 213 3602 καὶ
226 3548 412 3622 ὁμόγλωσσον
423 3554 470 3604 καὶ
481 3553 557 3605 θεῶν
570 3545 709 3620 ἱδρύματά
722 3565 751 3600 τε
763 3547 843 3600 κοινὰ
861 3551 906 3600 καὶ
920 3553 1026 3613 θυσίαι,
1044 3547 1116 3616 rideri

58 3635 89 3671 u
102 3636 302 3751 οῆἓῖρΰοῖἶηέοτ.
315 3687 334 3740 l.
349 3689 372 3738 4.
385 3686 435 3754 τὴν
445 3684 501 3773 γὰρ
507 3683 603 3768 Ἀσίιγν
614 3686 660 3738 καὶ
672 3681 705 3736 τὰ
719 3683 877 3738 ἐνοικέοντα
892 3683 975 3739 ἔθνεα
991 3682 1117 3757 βάρβαρα

59 3755 226 3808 οῐιιειεῦνται
243 3757 272 3808 οἱ
287 3756 410 3827 Πέρσαι,
426 3772 477 3822 την
493 3754 524 3808 δὲ
540 3751 682 3827 Εσρώττην
703 3753 749 3806 καὶ
769 3753 800 3805 τὸ
821 3750 979 3820 Ἑλληνικὸν
1002 3750 1117 3825 ἥγηνται

57 3825 313 3958 nxwlfflghprimi
334 3890 449 3943 feceruut
466 3891 541 3942 Asius
564 3898 590 3942 et
606 3892 741 3959 Panyasis,
768 3890 800 3942 cl.
817 3891 904 3943 Neele
926 3894 1016 3945 Choer.
1035 3911 1057 3960 p.
1075 3892 1117 3943 64.

58 3961 197 4027 Dionysius
211 3960 325 4013 Milesius
341 3961 435 4027 primus
448 3960 551 4011 Persice
568 3960 634 4012 belle
652 3961 818 4028 descripsisse
835 3963 937 4030 dieitur,
956 3960 987 4014 cf.
1005 3961 1117 4013 Creuzer

58 4029 152 4080 histor.
164 4027 304 4081 dunestor
317 4027 439 4082 Gadecbcn
450 4045 474 4097 p.
488 4028 529 4080 91.
