2558 4530
375 335 621 403 grammaticae
646 335 1149 404 Βγτυυ1ἰυκε.81

93 483 226 567 άνοίξαι
255 487 293 553 τδ
297 486 444 595 στόμα
458 482 506 565 εἰς
532 485 661 552 σύνεσιν
682 487 746 592 τῶη
768 486 953 592 γράμματα
961 487 1151 596 μανθανρν-

91 596 166 637 των.
204 572 307 638 18τά
336 567 461 638 έαυτῶν
481 567 655 678 Ελληνικηὶ
679 568 872 678 γράμματα·
898 572 955 637 καί
982 572 1041 657 γάρ
1064 568 1150 639 αύτά

90 656 135 722 τά
158 653 326 763 φυινίκεια
347 660 418 734 τοῖς
440 651 598 739 ὀνόμασιν
619 645 671 733 οἷς
691 655 750 721 καί
771 680 813 721 τα
805 653 973 762 έβραῖκὰ
990 657 1074 722 κατά
1082 655 1150 764 μί·

91 763 193 828 μησιν
218 766 283 807 των
306 736 468 829 Ἑβραίων
492 744 563 818 τοῖς
589 737 741 819 Φοίνιξιν
768 735 900 856 εύρέθη.
945 739 1151 830 Παλαμήδης

93 839 172 907 66‘
152 864 285 952 υστερυν
307 839 429 920 ἒλθιύν,
435 835 722 950 άρξάμενος
662 840 734 906 απδ
758 841 818 906 τοῦ
845 847 867 906 ἁ
889 835 990 928 άλφα,
1014 848 1037 925 β
1057 843 1151 930 βῆτα,

93 924 176 992 δέκα
208 925 302 1009 ‘656
305 924 363 992 ύνα
397 929 465 1003 τοῖς
503 916 722 1030 Ἑλλησιν
686 949 758 1030 eppe
791 929 951 1006 στοιχεῖα,
985 924 1154 993 τουτέστιν

91 1011 159 1076 κτλ.
184 1034 221 1115 p.
248 1016 281 1088 2,
278 952 328 1074 μ4
360 1006 509 1075 σπαλίδα
536 1005 660 1116 ἔλεγον,
694 1005 777 1075 άλλά
811 1009 870 1075 καί
903 1010 1013 1075 πολλά
1047 1008 1153 1117 ῥημα·

91 1118 134 1159 τα
168 1090 276 1170 άλλως
305 1092 485 1201 έξεφῶνρυν
515 1091 573 1159 καί
593 1090 709 1201 ἔλεγον
736 1093 794 1159 καί
821 1089 1009 1243 έγραρον.
1002 1119 1087 1178 μετα
1115 1095 1153 1162 66

89 1179 193 1244 ταῦτα
213 1175 439 1265 Σιμωνίδης
423 1203 441 1245 ο
462 1183 549 1257 Χῖος
569 1175 670 1265 εύρῶν
685 1176 876 1266 προσέθηκε
919 1203 968 1260 υο,
991 1185 1011 1266 6
1032 1179 1091 1244 καὶ
1112 1186 1151 1260 ὦ,

86 1275 337 1386 Ἐπίχαρμος
313 1276 391 1345 66‘
373 1303 391 1345 υ
413 1279 639 1387 Συρακούσιος
660 1277 750 1365 τρία,
776 1271 807 1359 ζ,
834 1273 865 1359 5,
891 1270 935 1367 ψ,
962 1280 1019 1346 καί
1047 1277 1153 1387 ρύτως

89 1363 272 1469 έπληρωθη
298 1363 340 1428 τά
362 1359 614 1468 εἰκοσιτέσσαρα
637 1369 800 1470 στοιχεῖα·
823 1362 904 1429 ὅθεν
924 1363 1153 1472 μιμησάμενος

91 1445 109 1513 6
123 1445 314 1555 Ὅμηρος
287 1449 343 1514 τὸν
365 1443 514 1554 άριθμδν
534 1449 600 1512 τῶν
623 1444 733 1513 εἰκοσι
755 1446 816 1512 δύο
835 1450 976 1554 βιβλιων
994 1472 1059 1512 των
1073 1446 1152 1555 παρ

86 1531 259 1637 Ἓβραιηις
287 1529 334 1610 εἰς
359 1531 416 1597 τὸν
442 1532 507 1595 τῶν
534 1529 644 1598 εἰκοσι
670 1530 730 1597 δύο
746 1529 936 1638 στοιχείων
952 1531 1153 1598 τυπωθέντα

51 1664 58 1673 -
92 1613 256 1721 άριθμόν,
284 1615 342 1681 καί
370 1611 470 1694 αύτδς
495 1615 558 1716 τήν
577 1612 668 1682 ἰδίαν
690 1614 828 1721 ποίησιν
848 1618 908 1705 τῆς
926 1613 1068 1695 Ἰλιάδος
1088 1618 1153 1682 τῶν

92 1697 370 1807 εἰκοσιτεσσάρων
391 1699 575 1808 ῥαψῳδιῶν
598 1701 657 1765 διὰ
677 1704 742 1766 τῶν
764 1698 1040 1786 εἰκοσιτεσσάρων
1055 1699 1152 1768 ἕποι-

90 1807 182 1874 ησεν·
206 1782 291 1850 ούτω
319 1784 357 1849 δέ
377 1784 435 1850 καί
456 1785 514 1872 την
534 1781 727 1851 Ὀδύσσειαν
748 1786 816 1850 κτλ.
859 1792 989 1851 Alterum
1006 1799 1093 1893 ceput
1106 1792 1151 1852 le

90 1875 168 1953 gitur
189 1875 242 1934 Ms.
264 1894 293 1953 p.
316 1873 387 1934 289.
419 1865 608 1976 Θεοδοσίου
639 1869 718 1956 περὶ
730 1867 837 1977 ὅρου·
861 1868 960 1977 ρ’ρος
958 1869 1031 1937 ἐστὶ
1053 1869 1152 1978 66705

88 1953 291 2034 καθολικύς,
329 1954 517 2063 περιέχων
523 1954 565 2019 τά
602 1953 847 2061 περιεχόμενα·
868 1951 890 2042 6
922 1953 1039 2061 ρύτως·
1075 1953 1152 2042 ὅρος

88 2035 178 2105 ἐστὶν
205 2035 224 2106 6
248 2039 287 2105 τὸ
314 2064 349 2104 τι
378 2061 468 2105 εστιν
498 2036 637 2105 ἕκαστον
641 2040 777 2147 δηλῶν.
810 2039 868 2127 την
882 2063 956 2144 μεν
982 2063 1038 2104 ουν
1062 2044 1152 2104 καθ-

90 2122 167 2190 όλου
194 2123 305 2229 τέχνην
333 2121 407 2189 ἐστὶ
404 2122 625 2232 διαηόρως
633 2119 832 2231 ὁρίσασθαι·
861 2120 893 2189 06
914 2122 973 2206 μέν
1000 2123 1059 2223 γάρ
1081 2118 1153 2211 ὁρί-

90 2206 263 2287 ζονται
232 2205 348 2284 ούτως·
375 2206 494 2314 τέχνη
497 2230 587 2274 εστιν
609 2207 830 2316 ὁδοπυιητικη
853 2215 912 2274 τοῦ
933 2209 1045 2273 κοινοῦ
1068 2230 1152 2291 συμ-

89 2292 258 2391 φέροντος,
282 2287 378 2356 άλλοι
402 2289 494 2357 66
461 2289 579 2399 ούτως,
606 2291 698 2398 τέχνη
727 2291 800 2358 ἔστί
826 2292 976 2399 μέθοδος
1002 2292 1151 2378 ἐνεργοῦ-

89 2398 135 2441 σα
161 2378 210 2461 τῷ
237 2373 301 2458 βίω
328 2376 367 2439 τδ
391 2375 587 2479 συμφέρον
602 2399 635 2440 οι
658 2377 694 2440 δε
715 2376 861 2442 Στωικοί
883 2377 1079 2482 φιλόσοφοι,
1107 2368 1152 2441 ὧν

89 2483 151 2523 και
174 2483 191 2524 ο
215 2482 291 2540 ορος
314 2456 581 2537 αποδεκτέυς,’
548 2456 666 2535 ούτως·
688 2458 781 2564 τέχνη
804 2457 876 2524 ἐστί
892 2458 1041 2564 σύστημα
1055 2460 1151 2543 ἐγκα-

90 2540 270 2647 ταλήψεων
288 2544 630 2649 συγγεγυμνασμένων
644 2540 730 2648 πρός
750 2567 785 2607 τι
806 2538 952 2620 τέλος”
900 2565 1090 2649 ευχρηστον
1103 2568 1152 2644 την

88 2624 167 2732 βίη)
201 2627 260 2691 καὶ
285 2619 380 2704 άξιον
407 2624 492 2692 66‘
472 2626 559 2733 ημάς
583 2625 630 2732 μη
660 2623 788 2733 άγνοεῖν
812 2626 872 2705 τάς
894 2624 1084 2711 ε’γκειμένας
1104 2629 1152 2713 τῶ

89 2707 158 2798 ὅρῳ
180 2709 300 2790 λέξεις·
324 2709 438 2797 σύστη1
425 2735 474 2792 μα
495 2709 557 2797 γάρ
579 2733 652 2776 εστι
665 2735 704 2777 το
726 2712 863 2797 πληθος
876 2711 944 2776 κτλ
977 2716 1088 2777 Deinde
1102 2737 1150 2778 se·
1165 2739 1190 2780 ει

89 2807 185 2879 quun
187 2819 221 2859 ur
243 2818 318 2878 quae
334 2800 415 2945 apud
432 2798 537 2861 Goettl
557 2799 692 2878 leguntur
718 2820 748 2902 p.
769 2802 820 2873 50,
843 2802 880 2861 10
902 2819 966 2879 sqq.
988 2821 1029 2863 vs.
1055 2803 1148 2864 1011.

89 2881 232 2986 πλῆθος.
274 2885 310 2944 12
334 2877 656 2968 έγκαταλήψεων-
682 2879 844 2989 γνῶσεων,
866 2882 1065 2967 καταλαβεῖν
1088 2884 1149 2967 γάρ

87 2965 128 3031 τό
158 2965 287 3070 γηῶναι.
317 2965 677 3071 συγγεγυμνασμένων,
698 2965 850 3032 τουτέστι
862 2966 1149 3073 συνεζητημένων·

88 3046 253 3156 γυμνάσαι
286 3048 346 3135 γάρ
377 3048 416 3114 τδ
448 3047 496 3127 εἰς
520 3050 595 3155 φῶς
621 3049 679 3114 καί
706 3052 824 3157 γνῶσιν
850 3048 992 3158 άγαγεῖν.
1040 3057 1077 3117 18
1104 3047 1150 3158 ῶς

90 3128 130 3199 άν
157 3130 254 3200 εἴποι
280 3157 333 3210 τις
354 3131 558 3240 τειχωρυχία.
595 3139 634 3200 19
656 3135 777 3242 ταύτας
798 3135 1057 3244 ἐπιτηδεύοντας
1078 3137 1149 3242 τέχ-

87 3243 143 3325 νην
173 3216 389 3326 ἐργάζεσθαι.
424 3223 464 3284 20
489 3214 742 3327 απηγορευμένη
770 3219 890 3326 μῶμην,
922 3213 965 3284 ῶν
991 3221 1030 3286 τδ
1056 3218 1150 3295 τέλος

89 3301 246 3451 θάνατος.
289 3299 318 3368 εἰ
319 3303 410 3410 γάρ
438 3301 498 3369 έπί
522 3303 725 3412 συμφέρρντι
755 3305 813 3369 καὶ
832 3306 880 3409 τῇ
908 3304 1066 3370 συστάσει
1092 3305 1149 3367 τοῦ

90 3383 209 3493 βίουέ
211 3386 283 3451 στίν
284 3382 328 3492 6
356 3388 463 3495 τέχνη,
497 3382 597 3455 αὗται
630 3389 668 3473 66
703 3388 795 3465 τέλος
823 3383 1018 3492 ὀλέθριον
1005 3407 1148 3466 εχουσαι,

91 3466 294 3577 ὁμολογῶ
268 3495 313 3548 ως
339 3495 376 3575 ορ
403 3497 514 3554 τεχναι
540 3466 707 3576 μᾶλλην”
685 3496 704 3557 η
728 3469 937 3550 κακοτεχνίαι
962 3465 1058 3534 εἰσίν·
1091 3471 1149 3537 καί

88 3555 193 3620 ταῦτα
213 3554 273 3638 μέν
291 3553 393 3662 x‚6666
396 3558 471 3653 τῆς
475 3581 547 3634 τεχν
569 3552 750 3637 ςλέχειν
735 3552 1007 3659 επεχειρησαμεν·
1030 3554 1088 3661 την
1112 3554 1148 3622 66

88 3640 318 3727 γραμματικήν
330 3663 362 3704 οι
377 3634 489 3722 ὀρθῶς
501 3555 689 3721 69656pevoe
702 3639 817 3703 τοῦτον
829 3633 1044 3787 δριζόνται
1006 3661 1063 3704 τον
1072 3642 1148 3725 τρύ-

88 3750 164 3791 πον.
185 3730 324 3830 Sequltur
335 3729 406 3786 haec
417 3726 488 3786 11111
469 3733 509 3784 1ιυ
523 3727 738 3804 grammaticae:
751 3719 976 3830 γραμματική
973 3720 1044 3788 ἐστι
1056 3723 1146 3813 τέχνη

91 3806 250 3914 [ἰηγουν1ε
235 3807 303 3886 έξις
324 3805 524 3911 θεωρητική
537 3805 595 3870 καί
612 3808 796 3912 ποιητική
798 3808 863 3871 τῶν
886 3806 981 3913 παρά
991 3815 1149 3918 ποιηταῖς

87 3919 123 3959 τε
145 3894 204 3959 καί
227 3893 462 3979 συγγραφεῦσι,
483 3882 569 3955 66
547 3917 587 3978 ης
608 3886 737 3978 ἑκάστῳ
760 3890 799 3958 τδ
822 3888 943 3959 οἰκεῖον
960 3888 1148 3962 άπυδιδόν-
