2574 4546
94 397 146 448 100
480 394 525 445 De
551 392 768 459 Praxipbane

50 570 74 607 ιι
94 569 195 612 rerum
211 550 297 611 etiam
313 556 345 609 ut
360 569 393 609 ex
409 550 606 628 antiquiorum
624 549 801 627 scriptorum
818 547 950 608 oratione
964 548 1156 627 locupletiore

94 645 122 697 et
131 635 278 696 vocabulis
290 635 534 695 reconditioribus
544 635 709 695 abundante
724 652 797 713 quae
810 634 896 693 etiam
908 650 988 694 nunc
999 635 1157 695 attinerent

92 720 311 799 interpretando
339 728 426 798 atque
452 720 592 780 imitando
619 719 851 796 exprimerentur
877 718 1066 797 oratorioque
1087 720 1154 779 usui

91 806 380 880 vindicarenturff),
397 805 532 882 quocirca
548 804 634 864 etiam
651 803 730 874 haec,
747 822 834 881 quam
851 803 1020 863 Aristoteles
1037 810 1067 863 et
1083 803 1154 865 Pra-

92 891 235 969 xiphanes
261 897 289 949 et
309 897 374 949 ante
394 908 445 949 eos
466 888 623 967 Sophistae
642 889 884 957 exercitaverunt,
910 890 1100 966 grammatica
1126 893 1154 949 in

92 975 319 1054 interpretandis
337 974 481 1034 veteribus
496 974 613 1033 assidua
628 980 698 1045 erat,
715 973 794 1052 quod
811 973 847 1033 de
859 973 1013 1033 Aristotele
1029 982 1156 1050 arguunt

93 1059 278 1140 quaestiones
295 1059 330 1118 de
344 1059 431 1118 variis
444 1059 548 1136 poetis,
564 1076 689 1137 quorum
704 1058 779 1118 tituli
795 1076 885 1136 supra
900 1058 1007 1118 laudati
1022 1066 1103 1128 sunt,
1121 1058 1154 1119 dc

92 1145 275 1222 Praxiphane
290 1143 443 1215 nonnulla,
466 1142 573 1222 quibus
590 1144 717 1204 rariores
733 1150 886 1222 poetarum
902 1162 989 1203 voces
1005 1143 1153 1221 explican-

91 1237 150 1302 tur,
164 1229 336 1305 fragmenta.

177 1313 262 1372 Vides
289 1313 376 1392 igitur
394 1312 609 1392 Prariphanem
631 1312 708 1371 inter
727 1330 832 1372 omnes
853 1310 1065 1389 Peripateticos
1086 1331 1151 1372 eum

91 1399 193 1472 fuisse,
206 1399 254 1477 qui
264 1398 293 1458 in
302 1398 489 1476 grammatica
499 1398 632 1476 proxime
641 1398 678 1458 ad
688 1397 852 1458 Aristotelis
862 1396 976 1456 laudem
987 1398 1149 1459 accesserit.

91 1483 224 1562 Namque
240 1483 363 1543 habebat
377 1485 435 1543 hoc
450 1483 651 1561 antiquissima
664 1482 923 1561 Peripateticorum
937 1481 1100 1561 disciplina,
1122 1491 1152 1543 ut

90 1569 297 1647 philosophiae
309 1569 470 1628 litterarum
488 1569 583 1628 cultus
600 1566 837 1644 diligentissimus
852 1567 1067 1645 adiungeretur,
1083 1586 1151 1646 quas

92 1672 158 1713 cum
172 1671 276 1713 omncs
289 1653 474 1731 complexum
483 1662 562 1712 esset
570 1652 738 1712 admirabile
746 1651 815 1711 illud
825 1671 948 1730 vereque
956 1652 1077 1712 unicum
1088 1653 1151 1712 Sta-

91 1737 192 1815 giritae
206 1737 364 1814 ingenium,
380 1744 482 1813 postea
497 1736 583 1796 veluti
599 1737 754 1814 partitione
768 1737 841 1796 facta
854 1738 925 1797 alter
939 1737 1149 1816 discipulorum

92 1821 182 1893 hanc,
197 1821 267 1881 alter
280 1821 357 1881 illam
374 1821 555 1899 disciplinam
571 1839 626 1898 pro
643 1839 695 1880 sua
711 1821 819 1899 ingenii
833 1822 930 1881 indole
946 1822 1066 1900 suisque
1082 1823 1152 1883 viri-

92 1905 149 1966 bus
175 1905 296 1985 eligebat
316 1912 403 1983 atque
423 1904 580 1966 excolebat.
615 1907 657 1966 lta
678 1906 902 1985 Theophrastus
922 1907 950 1966 iu
973 1907 1150 1967 naturalibus

92 1991 218 2051 maxime
234 1990 394 2069 disciplinis
409 1991 565 2069 legumque
576 1990 795 2069 antiquitatibus
808 1992 987 2066 versabatur,
1003 1992 1150 2053 Aristoxe-

92 2093 150 2136 nus
166 2075 195 2135 in
213 2075 333 2148 musica,
349 2075 540 2136 Dicaearchus
555 2076 585 2134 in
601 2076 786 2154 geographia,
803 2076 957 2137 Clearchus
975 2077 1108 2137 Solensis
1123 2077 1151 2137 in

91 2160 214 2220 historia
230 2177 358 2235 morum,
375 2160 422 2220 alii
438 2159 467 2218 in
482 2160 544 2221 aliis
561 2161 710 2221 doctrinae
725 2161 866 2240 partibus.
893 2161 1091 2234 Rhetoricam‚
1108 2161 1151 2222 cui

92 2244 489 2322 Aristotelespomeridianas
498 2245 708 2324 discipulorum
718 2245 938 2306 exercitationes
948 2246 1149 2318 destinaverat,

93 2327 199 2406 quibus
220 2328 307 2389 simul
327 2330 513 2406 grammatica
529 2330 574 2391 illa
591 2330 718 2390 oratoria
734 2331 978 2403 constituebatur,
1001 2340 1071 2409 post
1090 2333 1150 2392 eius

92 2413 246 2473 decessum
262 2414 483 2493 Theophrastus
498 2434 614 2476 summa
630 2433 696 2476 cum
711 2415 796 2475 laude
809 2416 962 2488 tractabat,
985 2435 1073 2494 quern
1097 2435 1150 2477 no-

94 2504 154 2558 ster
169 2497 272 2559 deinde
286 2499 394 2560 audivit
409 2507 495 2578 atque
510 2507 637 2560 sectatus
654 2507 711 2569 est,
732 2500 788 2560 nisi
809 2501 886 2578 quod
904 2501 951 2561 hic
965 2502 1151 2578 grammatica

93 2582 143 2643 illa
164 2584 272 2656 studia,
293 2603 366 2663 quae
386 2585 609 2663 Theophrastus
630 2586 728 2645 minus
751 2603 870 2646 curasse
889 2586 1014 2658 videtur,
1036 2587 1151 2665 impen-

93 2667 170 2726 siore
186 2686 275 2746 opera
291 2669 411 2729 colenda
427 2669 482 2728 sibi
498 2669 614 2728 sumsit.
645 2669 750 2729 Mansit
764 2678 860 2730 tamen
877 2671 965 2730 etiam
980 2671 1057 2748 apud
1075 2672 1151 2731 hunc

94 2751 260 2810 coniunctio
288 2752 491 2829 grammaticae
516 2770 582 2813 cum
608 2753 767 2824 rhetorica,
796 2773 869 2833 quae
891 2755 1150 2834 Peripateticorum

50 2850 76 2889 aa
94 2835 297 2913 grammaticae
312 2835 430 2914 propria
446 2843 522 2907 erat,
543 2836 627 2896 cuius
648 2827 741 2916 ἔργον
767 2848 830 2899 erat
848 2834 888 2901 τὸ
915 2835 973 2901 τόν
994 2830 1152 2925 ἔμμετρον

92 2912 151 2978 καὶ
173 2911 274 2992 πεζὸν
295 2912 394 2998 λόγον
414 2916 612 2996 τεχνᾶσθαι,
641 2916 735 2995 τέλος
762 2919 800 2984 δὲ
825 2919 865 2985 τό
887 2920 931 3007 μή
954 2915 1152 3008 ἁμαρτάνειν

92 2996 172 3083 περὶ
198 2997 329 3075 λέξεως,
354 3009 387 3063 ut
406 3012 471 3064 utar
490 3005 584 3065 verbis
601 3005 700 3067 Schol.
715 3007 845 3087 Dionysii
865 3027 894 3087 p.
906 3009 978 3085 ,659
1000 3010 1045 3069 ed.
1062 3011 1149 3072 Dekh.

91 3085 168 3146 Hinc
182 3086 307 3147 maxime
323 3087 506 3167 discrepabat
521 3092 707 3168 grammatica
720 3092 897 3166 Stoicorum,
913 3094 961 3172 qui
977 3113 1043 3155 cum
1061 3096 1151 3174 logica

92 3189 144 3231 sua
164 3188 224 3230 non
239 3171 334 3232 solum
351 3173 494 3252 cogitandi
511 3175 562 3235 sed
579 3175 664 3236 etiam
680 3177 830 3254 loquendi,
851 3179 959 3257 quippe
975 3198 1033 3258 quo
1051 3199 1150 3242 cerne-

90 3263 172 3316 retur
187 3256 339 3334 cogitatio,
360 3260 488 3319 rationes
504 3260 720 3339 perquirerent,
741 3262 916 3324 rhetoricam
937 3270 965 3323 et
979 3266 1151 3341 grammati-

92 3359 154 3400 cam
170 3340 279 3418 logicae
295 3342 488 3405 adiunxerunt
502 3346 756 3425 posterioremque
771 3347 954 3425 disciplinam
970 3348 1009 3408 ita
1025 3351 1150 3410 maxime

91 3425 251 3498 coluerunt,
267 3433 300 3487 ut
314 3429 460 3489 naturales
475 3429 644 3509 logicasque
658 3449 762 3491 causas
778 3433 867 3504 vocis,
880 3433 1051 3506 litterarum,
1066 3455 1150 3496 voca-

89 3507 237 3582 bulorum,
252 3513 378 3589 partium
392 3513 544 3587 orationis,
560 3515 717 3576 flexionum
733 3517 862 3578 nominis
879 3526 964 3596 atque
979 3518 1067 3592 verbi,
1083 3539 1150 3598 par-

88 3592 242 3654 ticularum
258 3595 382 3676 denique
397 3609 657 3678 persequerentur,
680 3600 784 3678 quibus
807 3601 911 3662 studiis
931 3605 1149 3680 grammaticam

88 3677 337 3758 philosophicam,
358 3700 431 3760 quae
446 3684 522 3761 apud
538 3685 747 3763 Peripateticos
763 3686 837 3747 circa
852 3686 992 3747 elementa
1009 3689 1147 3750 substite-

159 3827 198 3889 Π)
218 3828 270 3877 Ηοο
283 3845 359 3880 sensu
372 3832 455 3884 Schol.
468 3835 523 3883 Art.
538 3834 643 3900 Dionys.
655 3852 679 3900 p.
692 3835 741 3885 656
754 3837 828 3887 linem
837 3839 1013 3900 grammaticae
1023 3855 1082 3890 csse
1092 3840 1151 3890 dicit

89 3889 120 3942 τὸ
134 3891 181 3943 διὰ
194 3895 243 3944 τοῦ
253 3894 421 3966 ἑλληνισμοῦ
432 3895 466 3950 τὰ
479 3895 576 3970 ἀσαφῆ
590 3906 754 3970 σαφηνίσαι,
769 3905 809 3954 ubi
822 3903 855 3955 τὰ
870 3900 969 3974 ἀσαφῆ
982 3908 1149 3958 suntobsolc-

89 3961 156 4011 tiora
171 3963 336 4026 antiquiorum
354 3967 504 4031 scriptorum
517 3969 651 4033 vocabula,
664 3986 727 4037 quac
739 3973 929 4039 interpretando
941 3981 1016 4040 atquc
1029 3976 1148 4027 imitando

88 4029 290 4100 vindicantium]
303 4036 451 4099 σαφηνείᾳ.
