2558 4530
124 351 157 399 20
481 345 521 395 lle
539 343 690 410 Aeschyli
708 342 825 395 Persls.

84 538 110 576 ιι
209 514 304 576 Xerxe
318 520 456 594 tanquam
470 512 666 575 instrumento
676 511 726 587 75)
741 515 866 573 utuntur
881 506 921 568 dii
936 506 971 568 ad
987 505 1027 579 id,
1043 504 1123 586 quod
1138 503 1182 566 fa-

123 608 186 663 tum
202 607 263 663 erat
277 599 352 674 fieri,
376 599 604 680 exsequendum.
633 596 705 657 Vide
719 602 830 668 autem,
851 600 956 673 quanta
975 590 1064 652 fuerit
1078 590 1184 651 Xerxis

124 704 211 749 noxa.
241 687 297 760 Qui
313 686 442 766 primum
457 685 535 747 Darii
550 675 774 764 παράδειγμα,
797 680 906 760 quippe
925 677 974 758 qni
995 677 1098 738 ceteris
1114 695 1184 756 par-

123 772 200 834 tibus
214 773 370 834 incolumis
380 773 392 812 6
401 773 439 846 7),
456 769 505 831 ubi
517 769 648 849 primum
660 766 810 828 Graeciam
822 765 957 826 invadere
970 769 1114 843 coeperat,
1131 761 1184 822 ad-

123 876 206 920 versa
220 858 338 920 fortuna
353 874 425 918 usus
436 856 448 895 ⁶
458 855 497 932 ⁷),
522 852 628 913 deinde
643 851 729 912 etiam
745 851 874 930 ejusdem
890 849 1027 912 mandata
1043 866 1185 927 asperna-

123 946 231 1021 tus⁷⁸l
247 944 277 1005 id
293 941 373 1022 quod
393 939 474 1001 nefas
489 946 550 999 erat
563 944 678 1017 patrare
698 954 759 997 non
779 936 929 998 dubitavit.
963 934 1183 1013 Praedisposita

123 1029 170 1090 illa
184 1029 342 1090 Persarum
358 1025 496 1105 portione
512 1015 649 1107 (μοίρᾳ),
666 1021 790 1083 aeternis
811 1021 922 1100 legibus
940 1020 1108 1091 constituta,
1130 1038 1184 1099 pa·

124 1132 191 1176 rum
207 1118 374 1182 contentus,
395 1130 411 1171 e
431 1109 537 1171 finibus
563 1108 620 1170 sibi
645 1106 893 1188 praescriptis⁶⁹)
920 1106 1059 1168 excedere
1084 1123 1184 1176 ausus,

125 1206 260 1261 sanctum
275 1196 344 1258 illud
360 1196 495 1275 Europae
510 1202 539 1255 et
553 1193 638 1254 Asiae
653 1193 812 1254 confinium
828 1199 919 1272 ponte
930 1191 1085 1273 junxit⁷⁰)
1102 1198 1131 1251 et
1146 1190 1185 1250 ita

124 1285 295 1362 Neptunum
316 1289 344 1343 et
359 1288 470 1343 eeteros
486 1280 556 1342 deos
572 1279 696 1340 infestos
711 1279 767 1340 sibi
782 1277 908 1339 reddidit
918 1279 929 1317 ⁷
940 1280 978 1352 1),
995 1276 1116 1336 deorum
1133 1275 1185 1336 de·

84 1391 112 1430 ee
125 1368 233 1430 lubraa
247 1367 363 1429 Graecis
379 1366 475 1447 posita
487 1365 596 1440 evertit,
610 1365 717 1444 templa
730 1363 851 1437 adussit,
866 1381 929 1424 aras
942 1360 1114 1423 disturbavit
1124 1362 1135 1400 ⁷
1145 1360 1184 1437 ²).

126 1455 312 1534 Quapropter
326 1453 518 1527 atrocissima,
538 1471 611 1532 quaa
633 1451 756 1513 deorum
771 1448 981 1511 immortalium
999 1446 1110 1528 iustitia
1132 1453 1185 1519 est,

84 1561 112 1600 ee
125 1540 250 1602 Xerxem
263 1547 291 1601 et
306 1559 357 1600 eos
373 1539 423 1618 qui
434 1558 469 1599 eo
482 1539 556 1600 duce
567 1537 633 1598 talia
644 1537 786 1610 lecerunt,
802 1535 945 1615 supplicia
953 1533 1111 1594 manebant
1121 1532 1132 1571 ⁷
1141 1533 1185 1607 ³);

126 1625 253 1687 Graecos
268 1631 385 1685 servant
399 1624 447 1696 dii,
460 1623 495 1683 iis
509 1630 653 1696 caventes,
669 1640 742 1701 quae
754 1620 872 1682 Graecis
886 1619 1046 1681 secundum
1056 1616 1185 1678 divinam

127 1762 328 1773 ....---—-

194 1834 236 1895 65)
250 1834 340 1886 Darius
353 1835 417 1903 φεῦ,
431 1836 520 1901 inquit,
537 1839 634 1903 ταχεῖα
648 1825 718 1898 ἦλθε
730 1833 869 1905 χρησμῶν
887 1835 994 1904 πρᾶξις,
1013 1833 1041 1891 ἔς
1057 1850 1086 1885 τε
1100 1830 1184 1885 παῖδ’

126 1900 197 1974 ἐμὸν
209 1899 279 1959 Ζεὺς
290 1901 453 1969 ἐπέσκηψεν
464 1901 591 1968 τελευτὴν
602 1898 766 1970 θεσφάτων.

194 1969 237 2035 66)
251 1972 309 2022 555.
324 1971 382 2022 164.
394 1971 453 2022 652.
466 1971 524 2022 711.
538 1971 595 2021 855.

194 2038 236 2103 67)
249 2038 307 2090 244.
321 2047 371 2091 ete.
384 2036 434 2092 οὐκ
446 2035 482 2093 ἄν
494 2042 633 2123 (μανεῖμεν
645 2034 746 2106 πήματ’
754 2035 887 2107 ,ἔρξαντες
899 2035 937 2091 τό
944 2053 992 2092 σα.

194 2107 236 2172 68)
252 2103 284 2158 οὐ
296 2102 467 2177 μνημονεύει
478 2124 527 2164 τας
538 2105 608 2176 ἔμας
620 2101 780 2163 ἐπιστολάς.

195 2174 237 2236 69)
251 2171 470 2244 ὑπερφρονήσας
481 2174 531 2227 τὸν
545 2171 671 2244 παρόντα
684 2172 816 2243 δαίμονα.

195 2242 236 2305 76)
247 2238 451 2307 Ἑλλήςποντον
461 2239 537 2313 ἱερὸν
546 2241 649 2294 δοῦλον
661 2237 697 2299 ὡς
706 2238 890 2312 δεσμώμασιν
899 2239 999 2310 ἤλπισε
1009 2239 1125 2324 σχήσειν
1135 2252 1185 2295 eet.

194 2309 236 2372 71)
250 2306 353 2376 θνητὸς
370 2305 408 2363 ὢν
420 2313 495 2365 θεῶν
507 2305 676 2364 adoraverat
689 2310 869 2370 Ποσειδῶνος
879 2309 1026 2383 κρατήσειν
1039 2306 1114 2378 ηἰετο.
1140 2310 1187 2375 [Cl.

126 2376 200 2428 Paus.
214 2376 243 2438 ll,
256 2378 277 2440 l,
291 2379 305 2427 5
319 2380 349 2429 de
362 2380 491 2431 conatibus
504 2395 590 2432 eornm
603 2381 644 2445 qui
656 2378 762 2430 lstbmos
771 2380 904 2446 perfodere
913 2382 1033 2432 volebant
1043 2374 1124 2442 (eiiam
1132 2398 1187 2446 χα-

126 2440 214 2496 λεπὸν
224 2441 369 2515 ἀνθρώπῳ
382 2445 414 2498 τὰ
428 2451 493 2500 θεῖα
504 2443 670 2514 βιάσασθαι)
685 2455 711 2498 et
728 2449 849 2501 Herodot.
867 2449 885 2514 l,
901 2450 948 2500 174
966 2450 996 2499 de
1015 2447 1108 2498 Cnidiis
1122 2447 1187 2497 lstb-

125 2528 190 2564 mum
202 2530 250 2564 non
263 2514 467 2582 perferentibusl.

194 2583 235 2646 72)
249 2583 278 2633 οἳ
289 2586 342 2652 γῆν
347 2582 487 2666 μολόντες
501 2579 611 2637 ‘Elidd'
626 2581 659 2636 οὐ
675 2585 753 2638 θεῶν
768 2587 849 2654 βρέτη
867 2581 988 2654 ᾐδοῦντο
1006 2581 1100 2658 optrito
1120 2578 1184 2630 odda

127 2646 291 2718 πιμπράναι
302 2669 378 2709 νεως.
404 2653 528 2718 Quantum
541 2655 598 2704 inde
610 2650 702 2703 factum
716 2656 749 2704 sit
765 2656 796 2704 ad
808 2654 943 2704 Persarum
960 2651 1097 2709 interitum,
1116 2653 1186 2708 patet

127 2711 1184 2839 bellelai.tlalltlltl“stillata‘llltltltsttababa·

127 2857 178 2901 tem
190 2858 279 2901 notare
292 2869 340 2900 non
353 2853 452 2904 desinit.
481 2854 544 2906 Vide
558 2871 621 2921 quae
634 2856 677 2906 ille
689 2858 720 2906 de
733 2827 771 2907 bis
784 2852 923 2906 sceleribus
942 2849 966 2897 in
985 2849 1112 2914 praeclara
1126 2851 1201 2930 Αεί-χ

129 2919 201 2969 stidis
214 2921 377 2985 responsione
389 2922 523 2973 identidem
534 2931 671 2975 memorata
683 2925 779 2974 scribit.
804 2919 841 2971 uf.
854 2919 929 2970 etiam
941 2916 1065 2968 Plutarch.
1079 2919 1103 2968 in
1116 2918 1184 2969 Tbe-

126 2987 241 3037 mistocle
258 2994 285 3036 et
302 2986 400 3039 Cornel.
418 2990 480 3056 Nep.
498 2991 522 3041 iu
540 2990 596 3056 ejus
613 2993 673 3057 vita,
691 3000 718 3042 et
735 3005 798 3057 quae
815 2988 849 3038 ibi
866 2986 897 3036 ab
909 2986 1086 3053 interpretibus
1099 2989 1182 3038 addita

128 3062 194 3105 sunt.
217 3055 334 3104 Ceterum
344 3056 406 3106 baud
418 3058 491 3108 dubie
505 3059 570 3109 inter
580 3061 650 3124 deos,
663 3062 703 3126 qui
716 3059 747 3109 ob
758 3056 850 3121 templa
860 3062 957 3105 vastata
967 3056 1102 3105 vindictam
1115 3072 1182 3106 sum·

128 3124 209 3174 serint
220 3124 250 3172 de
266 3122 359 3184 Persis,
372 3140 420 3173 non
433 3125 538 3177 infimam
552 3127 641 3178 Aeseb.
659 3129 762 3193 putabat
774 3125 891 3175 Cererem
904 3123 1064 3173 Eleusiniam.
1089 3123 1183 3174 Narrat

128 3192 192 3240 enim
210 3191 303 3240 Herod.
321 3193 439 3255 quosdam
457 3209 470 3243 e
488 3195 589 3246 deserto
608 3197 698 3262 templo
722 3191 864 3251 Eleusinio,
882 3191 938 3240 dnm
955 3191 1056 3241 Xerxes
1073 3193 1182 3242 Atticam

127 3259 279 3318 vastaverit,
293 3267 451 3310 resonantem
463 3263 589 3313 audivisse
607 3271 705 3314 cantum
717 3261 857 3328 mysticum,
875 3260 968 3310 vidisse
986 3260 1095 3325 speciem
1113 3275 1183 3324 porn-

128 3342 175 3392 pae
187 3327 321 3378 immensae
332 3333 471 3392 mystarum
479 3356 513 3365 —-
522 3329 586 3381 Vlll.
597 3330 638 3381 65.
651 3360 684 3368 -
696 3345 726 3380 ac
738 3328 825 3378 deinde
838 3334 889 3378 tum
902 3327 1050 3378 Plataeense
1064 3335 1114 3378 tum
1127 3328 1183 3393 My-

129 3395 229 3445 calense
242 3395 362 3461 proelium
373 3411 450 3461 prope
462 3393 518 3446 fana
528 3397 628 3448 Cereris
641 3398 797 3449 commissum
809 3410 866 3445 esse
878 3395 923 3446 lX.
934 3395 975 3445 65.
988 3396 1043 3445 161.
1056 3423 1090 3433 -
1102 3396 1124 3446 Α
1137 3412 1184 3462 qua

128 3477 215 3512 vocem
227 3464 294 3513 illam
306 3463 405 3513 missam
423 3479 480 3513 esse
493 3466 641 3530 suspiratur,
666 3481 728 3533 qnae
741 3463 844 3514 Graecis
858 3471 926 3515 trans
939 3480 1007 3515 mare
1020 3465 1131 3513 nuntium
1143 3471 1183 3513 at-

128 3529 217 3581 tulerit
228 3533 259 3580 de
271 3531 378 3582 victoria
390 3530 542 3581 Plataeensi.
564 3533 651 3599 Neque
664 3549 713 3583 non
725 3534 748 3582 in
762 3539 816 3582 toto
829 3532 873 3582 illo
886 3533 952 3584 bello
962 3533 1064 3583 Persico
1074 3532 1183 3582 divinum

128 3599 243 3662 agnoscit
254 3614 342 3649 numen
354 3600 411 3664 pius
422 3599 524 3662 Herod,
538 3603 601 3663 qnod
615 3601 734 3666 procellis
747 3607 773 3650 et
786 3597 920 3665 naufragiis
929 3601 1064 3652 Persarum
1077 3599 1183 3650 classem

129 3663 250 3731 infringit,
262 3673 290 3716 ut
300 3668 475 3732 quodammodo
487 3665 597 3717 Graecos
607 3669 638 3718 iis
646 3665 810 3734 aequetVlll.
826 3667 864 3718 13.
872 3696 906 3707 —
917 3668 1043 3720 ἐποιέετο
1057 3667 1115 3718 πᾶν
1127 3662 1183 3719 ὑπὸ

129 3733 200 3785 θεοῦ
211 3761 246 3770 -
257 3735 321 3799 quod
333 3734 472 3786 Pausaniae
484 3735 614 3784 victoriam
625 3735 799 3787 Plataeensem
812 3736 898 3787 tribuit
909 3737 953 3788 lX.
967 3735 1018 3799 te,
1030 3736 1094 3800 quod
1107 3735 1186 3785 Grae·

130 3817 174 3852 cos
186 3802 281 3852 excitat
291 3803 323 3852 ad
333 3803 475 3854 liberandos
486 3801 559 3853 lones
571 3801 616 3852 IX.
629 3803 678 3866 91,
692 3820 776 3855 eorum
789 3805 902 3871 denique,
916 3806 957 3870 qni
969 3805 1000 3853 ad
1013 3802 1127 3869 Mycalen
1140 3820 1184 3869 pu-

129 3871 230 3934 gutturi
246 3877 326 3934 erant,
343 3872 438 3923 animos
454 3871 553 3922 divinae
570 3870 639 3920 vocis
653 3872 757 3922 emissae
773 3873 886 3939 prodigio
902 3872 1013 3922 firmavit
1024 3871 1068 3922 lX.
1083 3871 1139 3922 loo.
1151 3901 1184 3908 -

130 3935 201 4004 δῆλα
213 3935 248 4002 δὴ
262 3938 393 3990 πολλοῖσι
404 3940 582 4010 τεκμηρίοισί
592 3935 651 3990 ἔστι
662 3938 695 3989 τὰ
707 3942 772 3991 θεῖα
784 3939 839 3992 τῶν
851 3936 1032 4011 πρηγμάτων.

199 4005 239 4072 73)
251 4004 301 4059 νῦν
312 4005 404 4060 κακῶν
416 4005 488 4061 ἔοικε
500 4002 576 4076 πηγὴ
588 4007 677 4060 πᾶσιν
688 4001 825 4078 εὑρῆσθαι
837 4011 940 4078 φίλοις.
