2558 4530
441 365 481 414 lle
501 363 650 430 Aeschyli
669 363 788 414 Persis.
1114 359 1143 410 11

86 532 228 612 ingenuae
239 530 288 609 2⁸)
305 530 454 592 caritatem
470 529 620 605 excitatos,
637 549 727 609 quum
742 528 846 591 talibus
857 527 1031 606 imaginibus
1047 529 1147 608 splen-

87 619 160 679 dore
175 616 256 678 omni
272 635 306 677 ac
320 614 496 676 sublimitate
509 633 575 676 cum
587 617 713 677 maxime
724 613 887 693 insignibus
899 632 947 674 res
960 633 1028 676 suas
1041 615 1146 675 adnm-

86 704 184 764 bratas
199 702 393 763 intuerentur.
424 699 475 761 Cui
490 701 532 761 rei
548 720 614 762 cum
631 709 732 773 cetera,
746 708 809 761 tum
826 699 997 778 praesertim
1012 700 1147 778 grandis-

89 789 198 850 simum
217 786 296 860 illud,
318 786 396 866 quod
417 786 587 864 excogitavit
607 786 723 859 Noster,
739 786 846 846 mirum
863 792 1003 863 quantum
1020 785 1147 858 inservit

88 874 168 953 quod
184 872 384 952 amplissimus
403 871 489 932 simul
514 880 543 932 ct
563 891 622 950 quo
643 889 747 932 omnes
767 870 900 930 omnium
920 877 1088 949 temporum
1115 889 1148 932 ac

88 960 225 1020 locorum
242 957 344 1018 Graeci
358 957 392 1019 ad
408 974 496 1017 unam
511 975 574 1017 rem
596 957 751 1018 convenire
770 954 932 1028 videantur,
954 954 1034 1015 orbis
1061 962 1147 1033 atque

90 1043 230 1106 circuitus
244 1044 362 1104 effectus
378 1047 431 1102 est.
454 1042 569 1103 Etenim
581 1061 643 1103 non
657 1051 717 1104 tam
729 1059 810 1102 nunc
821 1040 950 1120 primum
963 1041 992 1101 id
1008 1059 1093 1119 agere
1104 1041 1147 1100 ri-

88 1130 193 1190 demus
208 1128 335 1190 Graecos
349 1127 505 1189 universos
520 1128 556 1189 ab
573 1128 618 1202 iis,
634 1128 683 1206 qui
698 1127 797 1188 Asiam
813 1133 913 1186 tenent
926 1144 1022 1204 usque
1034 1127 1069 1187 ad
1085 1144 1148 1199 eos,

88 1215 137 1294 qui
149 1213 274 1275 Siciliam
290 1221 319 1274 et
338 1213 447 1275 ltaliam
462 1213 603 1286 incolunt
623 1214 763 1274 adunam
782 1211 925 1274 rationem
946 1219 1096 1285 coeuntes,
1116 1218 1149 1272 ut

88 1318 161 1374 earn,
173 1318 246 1379 quae
261 1298 427 1360 communis
444 1299 577 1359 omnium
593 1299 639 1371 sit
655 1299 817 1358 libertatem
828 1296 980 1358 etlaudem
993 1297 1148 1376 pristinam

88 1386 267 1459 accolanis,
282 1384 332 1463 qui
345 1383 476 1462 undique
492 1384 630 1444 infestant
644 1383 726 1462 ipsis,
742 1382 937 1442 barbarorum
950 1383 1082 1443 omnium
1099 1401 1149 1444 ca·
1162 1393 1188 1432 2³

87 1470 178 1533 terris
189 1470 353 1531 defendant.
378 1469 486 1528 Verum
502 1468 579 1529 idem
595 1468 630 1529 ab
643 1468 723 1528 omni
734 1475 867 1545 tempore
878 1467 1002 1545 agebant
1012 1467 1148 1528 illustris-

90 1555 161 1616 simi
170 1553 411 1633 quiquemajores
419 1553 609 1632 longinquam
619 1553 687 1614 olim
696 1552 861 1614 Colchidem
871 1571 905 1612 eo
914 1552 1037 1613 consilio
1045 1560 1150 1631 peteu-

89 1648 145 1714 tes,
157 1648 191 1701 ut
198 1639 296 1701 Phrixi
312 1639 447 1711 animam,
459 1657 475 1698 e
486 1636 604 1700 Graecia
615 1639 752 1712 exsulem,
764 1647 794 1698 et
804 1645 936 1699 sanctum
949 1637 1047 1698 arietis
1059 1636 1149 1699 vellus

91 1744 216 1788 auream
228 1725 339 1805 patriae
353 1724 539 1785 vindicarent.
570 1723 671 1804 Neque
685 1743 754 1785 vero
770 1724 799 1784 id
814 1715 890 1785 diaeo
913 1720 1003 1784 θεῶν
1018 1724 1150 1785 fecerunt

87 1811 220 1892 utrique:
236 1810 343 1872 etenim
358 1809 443 1870 sicuti
462 1809 502 1870 illi
522 1810 674 1882 aPhineo,
695 1811 785 1871 Persa
807 1809 945 1889 mythico,
965 1809 1150 1890 juvabantur,

89 1917 175 1978 quern
192 1896 361 1958 Welclerus
377 1895 528 1974 ingeniose
544 1913 610 1956 cum
622 1896 732 1956 Heleno
748 1894 884 1956 hostibus
901 1913 971 1956 suae
986 1895 1079 1973 ipsius
1094 1913 1148 1975 pa-

87 1983 163 2045 triae
178 1982 367 2044 calamitatem
384 1981 560 2059 praedicenti
576 1989 739 2061 comparat:
757 1980 796 2041 ita
814 1981 901 2041 etiam
921 1980 952 2039 bi
971 1999 988 2040 a
1002 1981 1082 2040 bono
1098 1980 1148 2040 illo

88 2068 187 2141 llario,
211 2067 260 2146 qni
280 2067 375 2141 virus,
396 2067 496 2145 quales
512 2066 613 2127 Graeci
628 2074 736 2140 essent,
756 2074 891 2145 expertus
914 2067 1043 2141 erat29),
1070 2083 1150 2126 nunc

89 2154 228 2215 defuncto
245 2160 273 2214 et
286 2152 370 2214 beato
386 2152 528 2213 daemone
543 2152 580 2213 ita
592 2153 772 2233 adjuvantur,
786 2159 819 2213 ut
829 2151 877 2212 ille
887 2168 977 2212 unam
988 2150 1088 2211 Persis
1102 2170 1149 2211 sa-

87 2240 181 2301 lutern
195 2236 225 2299 in
239 2256 310 2317 pace
325 2255 394 2298 cum
414 2237 532 2298 Graecis
551 2238 686 2318 protinus
707 2238 846 2299 servanda
868 2236 996 2316 positam
1017 2255 1084 2298 esse
1105 2236 1150 2297 di-

92 2331 141 2386 cat
148 2326 207 2396 ³⁰).
237 2322 308 2383 Vide
323 2322 408 2383 etiam
424 2330 532 2401 quanta
549 2324 743 2384 concinnitate
764 2331 792 2384 et
807 2341 894 2401 qnam
910 2321 1031 2399 eleganti
1047 2322 1151 2382 ordine

91 2406 252 2486 Aeschylus
267 2407 323 2466 tria
338 2407 396 2479 illa,
417 2424 491 2484 quae
511 2406 578 2478 dixi,
596 2408 731 2486 ingentis,
753 2408 833 2485 quod
852 2408 888 2467 ab
911 2408 991 2467 omni
1018 2416 1151 2486 tempore

92 2491 211 2553 Graccis
226 2491 299 2569 cum2
308 2488 443 2552 barbaris
459 2489 664 2563 intercedebat,
681 2491 846 2552 certaminis
866 2499 1015 2551 momenta
1036 2492 1151 2570 singula

92 2575 282 2656 disposuerit.
323 2573 411 2654 Cujus
431 2575 592 2653 primordia
613 2594 629 2636 a
648 2575 783 2656 mythicis
804 2574 988 2653 temporibus
1015 2584 1150 2655 repetens

89 2662 216 2744 primam
239 2659 369 2738 trilogiae
382 2659 508 2721 fabulam
528 2660 567 2721 ita
585 2660 733 2734 instruxit,
753 2667 787 2722 ut
811 2659 922 2740 liguris,
942 2660 1040 2722 colore
1061 2662 1150 2736 omni,

89 2746 234 2810 vaticiniis
251 2745 374 2826 denique
389 2745 506 2806 disertis
521 2753 731 2826 praeparentur
747 2766 788 2822 ea,
809 2746 927 2827 quaein
942 2747 1040 2808 Persis
1055 2766 1149 2826 agun-

89 2841 147 2896 tur.
180 2831 260 2904 Quae
278 2831 318 2892 ibi
339 2830 458 2892 nonnisi
482 2831 607 2893 obscure
627 2841 656 2894 et
676 2833 762 2894 veluti
782 2853 817 2894 ex
841 2831 1001 2913 longinquo
1025 2833 1150 2895 indicata
1163 2848 1190 2887 24

91 2925 183 2994 eraut
204 2937 236 2980 ea
254 2934 335 2979 nunc
353 2935 459 2978 eoram.
475 2923 505 2978 et
522 2918 678 2980 manifesto
698 2926 831 2998 aguntur.
871 2919 1057 2998 Longaevum
1080 2919 1149 2981 illud

159 3157 202 3222 28)
219 3157 280 3207 Dico
296 3156 447 3224 praesertim
466 3157 531 3208 tales
548 3158 626 3222 locor,
648 3167 676 3210 nt
689 3157 739 3209 242
759 3153 868 3214 odriaco
888 3156 986 3209 δοῦλοι
1006 3157 1150 3225 κέκληνται

89 3224 193 3295 φωτὸς,
207 3219 265 3276 odd
283 3220 450 3292 ὑπήκοοι-
461 3241 485 3277 v.
499 3226 549 3276 584
565 3227 609 3277 τοὶ
621 3222 646 3276 d'
650 3223 703 3279 ἀνὰ
715 3227 768 3293 γᾶν
782 3221 878 3279 Ἀσίαν
890 3224 943 3292 δὴν
960 3221 1011 3277 οὐκ
1028 3225 1068 3278 ἔτι
1080 3245 1150 3297 περ·

91 3293 281 3363 σονομοῦνται
293 3301 341 3344 etc.
353 3320 387 3330 —
399 3301 425 3345 et
443 3310 527 3345 eccum
541 3295 609 3345 illnm
622 3296 704 3347 locum
717 3296 927 3361 speciosissimum
940 3297 1009 3345 etad
1022 3310 1073 3358 eas,
1086 3312 1149 3361 quae
1228 3339 1231 3347 .

90 3363 165 3413 bodie
182 3369 242 3412 sunt
252 3363 426 3428 plerarumque
445 3363 580 3429 civitatum,
596 3365 708 3414 rationes
725 3364 831 3413 maxime
847 3363 1071 3414 accommodatum:
1089 3359 1148 3413 οὐδ’

91 3427 133 3481 ἔτι
141 3431 255 3548 gideon
263 3433 406 3500 βροτοῖσιν
416 3428 445 3482 ἐν
451 3432 595 3499 φυλακαῖς·
605 3432 715 3482 λέλυται
723 3427 777 3498 γὰρ
787 3432 854 3487 λαὸς
866 3426 1000 3498 ἐλεύθερα
1012 3429 1151 3492 βάζειν.-

93 3497 141 3564 Qni
159 3515 189 3549 ns
201 3499 308 3549 maxime
318 3499 381 3549 locis
393 3505 487 3548 motum
499 3496 578 3548 fnisse
594 3499 743 3548 crediderim
760 3497 830 3548 illnm
848 3499 968 3547 loannem
981 3512 995 3545 a
1008 3498 1150 3563 bliillernm,

91 3582 165 3633 quum
177 3568 237 3617 bace
254 3567 379 3616 scriberet
394 3566 554 3632 ‚Aeschylos
571 3565 740 3616 Prometheus
757 3565 811 3615 und
822 3567 906 3616 nioben
924 3563 1016 3615 Heldcn
1032 3567 1096 3618 bade
1111 3571 1151 3619 ioli

90 3638 260 3700 commendet,
273 3634 327 3684 und
338 3636 379 3684 lodi
390 3633 461 3699 jcizt
475 3649 509 3683 on
521 3633 569 3684 den
582 3633 702 3698 Persem,
718 3635 827 3683 metuam
841 3633 1054 3700 Licblt'ngcatiiclt,
1070 3639 1153 3688 odolei

93 3721 120 3755 ca
131 3704 203 3755 nictit
214 3705 278 3754 obnc
290 3705 374 3767 einige
384 3701 626 3766 altcidgenoeeabcbe
637 3700 748 3768 Scuszer
759 3701 878 3769 obgabt.“

158 3771 200 3902 ddi
213 3769 366 3893 -ν-ζ2ἔ4ιπῶς
378 3831 413 3889 ἂν
424 3833 454 3887 ἐκ
466 3830 573 3890 τούτων
584 3834 625 3889 ἔτι

212 3901 393 3976 πράσσοιμεν
406 3899 443 3961 ὡς
455 3901 556 3975 ἄριστα
568 3901 707 3989 Περσικὸς
718 3902 800 3970 isoio,-

209 4000 243 4012 -
256 3977 281 4024 sl
319 3971 335 4039 ὴ
348 3968 540 4045 στρατεύοισθ’
555 3971 584 4031 ἐς
599 3991 649 4027 τον
662 3971 804 4042 Ἑλλήνων
818 3972 910 4031 τόπον

209 4036 275 4110 μηδ
292 3992 328 4108 ἕν
344 4037 501 4112 στράτευμα
514 4036 641 4114 πλεῖονῇ
654 4039 685 4095 τὸ
699 4039 840 4110 Μηδικόν.
