2558 4530
566 1131 610 1191 11.

225 1297 279 1378 oh
304 1297 524 1378 llEhthlCii
549 1295 692 1377 tasilo
717 1295 938 1378 distahida.

56 1568 193 1634 (imperiali
214 1567 357 1618 litterarum
374 1568 534 1619 universitati
550 1567 737 1618 Alexandrinae
758 1565 884 1617 Fennieae
902 1566 983 1616 idibus
1006 1567 1074 1616 iuliis
1093 1581 1116 1617 a.

55 1635 215 1688 Mncccxt
232 1651 304 1686 sacra
325 1638 448 1687 secularia
469 1635 550 1686 altera
567 1634 676 1686 feliciter
694 1636 840 1702 procuranti
852 1651 885 1686 cx
900 1636 975 1685 animi
993 1635 1118 1685 sententia

54 1705 200 1774 gratulatur
210 1705 347 1770 imperialis
357 1705 500 1756 litterarum
508 1705 659 1755 universitas
666 1705 839 1771 Dorpatensis.
851 1704 954 1770 horpati
963 1703 1117 1754 Livonorum

140 1789 173 1825 ex
186 1770 284 1824 officina
297 1775 437 1826 academica
449 1773 473 1824 J.
487 1773 514 1824 C.
528 1773 694 1824 Schiinmanni
706 1775 798 1825 viduae
811 1771 975 1823 MDCCCXL.
990 1772 1040 1836 4⁰.)

138 2014 288 2093 Praeclare
303 2027 404 2090 Cicero
420 2027 451 2089 in
462 2028 617 2107 prooemio
629 2025 765 2090 Oratoris
780 2025 810 2087 in
826 2023 937 2088 artibus
953 2031 1040 2105 atque
1055 2025 1118 2086 dis-

55 2115 172 2196 eipHnis
184 2115 224 2177 ait
237 2133 301 2177 non
315 2114 414 2175 solnm
428 2113 612 2194 principibus
627 2114 658 2176 in
674 2131 792 2193 quoque
806 2129 912 2191 genere
925 2111 1024 2172 locum
1041 2128 1116 2183 esse,
1172 2142 1175 2148 ·

54 2201 177 2263 velutin
192 2201 288 2281 poetis
303 2200 443 2274 Homero,
458 2200 643 2273 Archilocho,
660 2197 809 2280 Sophocli,
825 2196 876 2258 sed
889 2197 998 2259 horum
1010 2196 1055 2257 vel
1070 2215 1117 2258 se-

57 2287 161 2349 cundis
176 2286 322 2347 ueletiam
337 2285 413 2347 inira
429 2285 590 2362 secundos3
610 2285 690 2365 quod
710 2283 832 2345 mirifice
851 2283 978 2362 pertinet
995 2290 1060 2345 tum
1082 2281 1118 2344 ad

56 2371 174 2450 ingenia
187 2370 343 2443 incitanda,
357 2378 422 2431 tum
437 2370 473 2430 ad
486 2371 642 2446 genuinam
654 2369 732 2431 illam
743 2369 953 2430 humanitatem
966 2385 1117 2430 commen-

58 2454 195 2528 dandam,
217 2474 290 2534 qnae
309 2472 397 2515 suum
423 2454 526 2532 cuique
549 2453 676 2515 tribuere
704 2453 798 2530 sapiat
823 2460 851 2512 et
876 2455 906 2514 in
932 2452 1119 2514 inferioribus

58 2540 147 2603 etiam
161 2539 286 2621 ingeniis
303 2539 371 2619 quid
387 2537 512 2618 quisque
523 2538 616 2600 valeat
629 2556 663 2600 ae
678 2544 788 2599 mereat
802 2555 891 2616 aequa
903 2537 1119 2598 existimatione

56 2627 194 2708 pensitet
229 2625 363 2705 Namque
378 2624 493 2686 etiamsi
515 2643 630 2686 summa
651 2639 713 2685 non
732 2629 860 2704 possunt
878 2623 935 2685 nisi
955 2643 972 2686 a
993 2622 1118 2685 summis

55 2711 166 2793 perfici,
182 2719 281 2773 tamen
300 2711 336 2773 ad
352 2728 469 2771 summa
484 2726 545 2771 non
559 2709 728 2791 pervenitur
746 2707 805 2771 nisi
824 2726 878 2789 per
898 2709 1005 2789 gradus
1026 2727 1117 2790 quos-

56 2798 124 2859 dam
139 2796 311 2872 inferiorem
336 2795 442 2874 quihus
463 2797 512 2876 qui
531 2815 586 2876 pro
606 2795 712 2857 virium
731 2801 814 2874 parte
833 2795 868 2857 ad
888 2795 917 2856 id
939 2797 1019 2875 quod
1043 2796 1117 2875 ipsis

55 2883 217 2944 maximum
231 2888 295 2943 erat
309 2881 469 2956 enituntur,
486 2882 571 2944 etiam
586 2880 626 2943 illi
640 2882 703 2944 iure
717 2881 773 2943 sihi
789 2888 1010 2944 consummatae
1023 2880 1118 2942 laudis

56 2975 170 3048 partem
197 2975 326 3048 possunt
350 2967 506 3029 vindicare.
540 2966 658 3029 decedit
682 2969 762 3047 qnod
783 2967 881 3028 omnis
904 2967 1011 3029 artium
1031 2972 1119 3045 atque

56 3054 218 3116 litterarum
232 3052 357 3114 historia
372 3052 446 3115 nihil
459 3051 537 3115 aliud
552 3059 597 3114 est
610 3051 668 3114 nisi
688 3052 857 3114 continuata
877 3054 1029 3132 quaedam,
1052 3051 1119 3131 qui·

56 3139 112 3201 bns
134 3156 250 3200 summa
271 3137 339 3199 imis
361 3144 511 3217 aptantur,
536 3137 803 3200 diversissimorum
824 3137 1012 3216 ingeniorum
1026 3136 1118 3217 expli·

57 3225 146 3299 catio,
163 3242 252 3303 quam
269 3223 319 3303 qui
333 3231 411 3285 recte
426 3222 509 3303 sequi
529 3223 686 3303 callideque
700 3241 792 3285 nosse
810 3223 887 3297 velit,
909 3230 1027 3303 oportet
1050 3241 1118 3283 eum

57 3327 119 3371 non
134 3309 206 3371 solis
222 3308 346 3371 summis
365 3308 517 3371 fastidiose
540 3308 684 3381 delectari,
704 3326 807 3370 verum
826 3308 858 3369 in
877 3308 982 3368 mediis
1002 3323 1120 3384 quoque

59 3413 92 3454 ac
117 3395 253 3457 secundis
279 3394 445 3456 studiosum
466 3402 553 3473 atque
576 3394 724 3455 eruditum
744 3411 820 3454 esse.
866 3391 916 3453 Sic
940 3391 971 3450 in
996 3390 1118 3452 historia
1211 3393 1214 3399 '

59 3479 237 3542 Graecorum
252 3479 370 3558 antiqua
385 3479 523 3560 princeps
536 3477 723 3539 confessione
736 3476 868 3537 omnium
880 3482 926 3535 est
936 3474 1120 3550 Herodotum

57 3583 153 3645 neque
168 3573 258 3637 certo,
275 3563 301 3625 si
315 3565 416 3626 stilum
433 3570 562 3643 spectas,
582 3560 679 3623 tenuis
694 3560 739 3622 illa
753 3560 1004 3640 logographorum
1025 3563 1118 3623 oratio

58 3669 124 3713 cum
140 3648 324 3714 suavissimis
338 3649 548 3712 Halicamassci
567 3646 659 3709 Musis
679 3644 841 3727 comparari
860 3653 989 3726 poterat,
1012 3663 1117 3726 neque,

59 3736 84 3797 si
95 3755 143 3797 res
159 3742 360 3816 expromptae,
374 3734 507 3795 fahulosa
530 3731 743 3813 antiquitatum,
757 3750 856 3796 rerum
872 3751 1032 3806 sacrarum,
1048 3734 1118 3794 stir-

57 3821 140 3902 pium
158 3821 284 3900 denique
303 3827 332 3880 et
355 3819 532 3880 familiarum
557 3819 702 3899 expositio
730 3837 797 3880 cum
818 3818 984 3880 narratione
1003 3818 1116 3889 illustri,

58 3925 176 3968 summa
196 3907 342 3968 factorum
361 3904 505 3984 gravitate,
527 3905 683 3985 praecipua
705 3904 834 3983 gentium
858 3911 944 3984 atque
963 3905 1117 3982 regionum

57 3991 209 4053 nobilitate
230 3990 373 4054 distincta.
410 3989 606 4053 Nihilominus
629 3989 714 4052 ctiam
730 3989 768 4051 iili
784 3990 861 4069 apud
877 3996 988 4050 veteres
1003 3989 1117 4050 laudem
