2558 4530
186 362 216 412 16
539 361 580 410 Do
599 361 749 428 Aeschyli
767 360 882 412 Persis.

184 533 237 599 est,
259 526 418 588 secundum
435 545 521 606 quam
537 546 641 591 omnes
656 548 713 603 res,
727 529 826 608 quales
842 533 920 601 sunt,
936 526 1008 588 tales
1023 531 1107 587 natae
1119 533 1200 601 sunt,
1214 534 1241 588 et

183 611 230 672 tali
242 611 376 674 feruntur
386 613 536 686 nascendi,
552 614 674 688 vivendi,
690 614 852 676 intereundi
865 631 961 688 eursu,
975 619 1009 673 ut
1020 619 1098 673 certo
1111 612 1240 691 quodam

184 697 364 777 singularum
384 718 418 760 ae
433 699 565 760 omnium
587 702 649 761 suis
670 700 874 762 occasionibus
896 699 1128 777 contingentium
1155 715 1239 772 nexu,

183 791 212 845 ot
227 784 364 847 continua
378 803 529 846 causarum
539 791 568 845 et
575 787 730 846 ellectuum
740 804 804 846 sese
816 785 938 846 invicem
951 783 1154 863 excipientium
1169 801 1239 844 con-

184 871 331 951 sequentia
348 871 561 932 contineantur.
590 871 638 933 llla
650 871 696 932 lex
709 871 804 932 divina
815 878 868 944 θεῖ,
884 889 937 950 per
949 888 1052 931 omnes
1065 869 1173 930 modos
1187 869 1240 931 sibi

184 964 334 1029 constans,
356 975 411 1034 qua
431 957 469 1018 ita
489 956 628 1017 edomata
648 964 676 1018 et
695 956 848 1018 distributa
868 963 937 1017 sunt
956 955 1067 1027 omnia,
1092 961 1125 1015 ut
1143 962 1238 1017 certus

185 1042 317 1103 omnium
333 1060 431 1102 rerum
447 1042 513 1102 linis
530 1037 645 1119 (τέλος)
663 1050 692 1104 θῖ
707 1050 841 1104 aeternus
862 1042 978 1120 quidam
999 1042 1081 1114 ordo,
1097 1047 1127 1101 et
1142 1040 1238 1104 consi·

182 1127 254 1188 lium
270 1127 356 1205 (Sinn
372 1123 457 1200 νοῦς)
475 1126 555 1188 iniis
572 1136 715 1190 cernatur.
745 1129 785 1189 Ea
799 1128 962 1205 funguntur
982 1127 1115 1198 Coclites,
1137 1127 1238 1206 optimi

184 1212 312 1285 maximi,
327 1213 435 1291 qnippe
451 1213 499 1292 qni
514 1221 662 1275 aeternum
679 1214 748 1275 iliud
765 1213 919 1275 consilium
940 1219 1084 1273 noverunt
1104 1219 1192 1291 atque
1212 1211 1240 1272 id

184 1297 304 1376 exsequi
319 1298 421 1358 volunt
441 1306 469 1359 et
489 1300 653 1376 valent49).
688 1299 829 1360 Homines
850 1306 945 1360 autem
972 1299 1043 1359 tales
1070 1305 1240 1370 naseuntur,

144 1382 339 1462 sequialtera
357 1392 488 1463 exparte
504 1385 685 1447 naturalibus
706 1386 769 1447 istis
791 1384 1010 1446 conditionibus
1032 1383 1152 1443 obnoxii
1172 1385 1239 1455 sint,

184 1469 271 1529 altera
287 1488 355 1530 vero
371 1490 406 1530 ex
421 1477 503 1549 parte
518 1472 589 1532 tales
604 1479 775 1546 naseuntur,
798 1478 829 1532 nt
844 1490 875 1532 se
890 1471 1003 1532 ratione
1018 1477 1102 1549 atque
1118 1469 1239 1530 oonsilio

184 1562 213 1615 et
238 1555 320 1634 ipsos
342 1557 489 1632 praeditos
516 1564 544 1615 et
563 1557 675 1617 divinae
698 1566 817 1618 naturae
839 1556 1059 1636 quodammodo
1085 1555 1240 1634 participes

185 1657 250 1699 esse
266 1639 369 1699 sciant.
401 1640 492 1717 Igitur
512 1646 540 1699 et
556 1639 748 1702 instrumenta
765 1648 843 1714 sunt,
863 1642 985 1702 eundem
1007 1642 1037 1701 in
1058 1640 1191 1714 modum,
1210 1647 1241 1702 ut

186 1730 296 1784 ceterae
311 1743 358 1784 res
373 1724 528 1797 naturales,
550 1725 654 1804 quibus
677 1734 798 1787 utuntur
813 1726 855 1786 bii
871 1728 906 1786 ad
922 1727 950 1787 id
967 1727 1045 1805 quod
1060 1727 1116 1786 Fas
1139 1733 1168 1786 et
1183 1727 1240 1787 Bo-

184 1826 256 1868 uum
272 1816 317 1870 est
332 1809 563 1888 exsequendum3
583 1817 611 1870 et
630 1812 675 1871 sui
691 1812 801 1873 conscii
816 1818 885 1872 sunt
904 1819 937 1872 ut
951 1813 1060 1885 talium,
1083 1811 1132 1890 qui
1156 1814 1242 1873 certis

187 1894 317 1954 consiliis
334 1895 439 1975 aliquid
455 1895 524 1955 velle
540 1895 646 1972 (νοεῖν)
663 1904 692 1957 θῖ
710 1897 737 1957 id
754 1904 848 1958 ratum
868 1897 961 1959 facere
982 1893 1147 1975 (τελειοῦν)
1168 1917 1241 1976 pos·

185 1980 253 2041 sint.
284 1981 369 2053 Quod
386 1981 410 2041 si
425 1981 453 2041 id
469 1980 563 2042 faeere
574 1981 683 2056 volunt,
699 1983 776 2061 quod
790 1983 843 2043 diis
856 1984 1006 2062 probatur,
1023 1984 1040 2043 i.
1053 2003 1077 2044 e.
1095 1983 1172 2063 qnod
1185 1984 1240 2045 Fas

185 2073 214 2127 et
227 2066 342 2127 Bonum
360 2073 413 2140 est,
429 2075 491 2127 tum
508 2086 542 2127 ex
559 2068 681 2129 naturali
696 2068 751 2130 ista
767 2069 937 2131 necessitate
958 2070 1075 2139 exemti,
1098 2087 1241 2130 eonsum-

184 2159 261 2212 mata
275 2152 405 2212 libertate
420 2160 448 2211 et
462 2160 600 2231 tanquam
618 2153 765 2215 divinitate
781 2154 849 2214 olim
866 2155 1040 2233 gaudebunt.
1077 2154 1128 2215 Sin
1143 2162 1241 2215 autem

186 2235 215 2296 id
233 2238 311 2314 quod
328 2236 366 2296 dii
384 2237 566 2316 voluntipsi
581 2238 693 2313 nolunt,
716 2247 779 2301 tum
799 2240 828 2300 in
849 2242 1051 2303 necessitatem
1073 2241 1158 2301 istam
1176 2259 1242 2301 eae-

186 2339 248 2380 cam
265 2321 393 2383 instricti'
405 2331 433 2384 θῖ
447 2341 571 2402 prorsus
587 2324 724 2403 implicati
739 2327 1017 2405 pessumdabuntur,
1038 2335 1067 2388 et
1089 2326 1242 2386 miserabi-

145 2432 171 2471 ai
185 2404 225 2466 les
241 2406 467 2486 interibunt50).
499 2411 580 2483 Quae
596 2410 634 2472 sit
648 2411 695 2473 illa
712 2420 811 2474 sancta
827 2415 996 2487 necessitas,
1016 2413 1061 2472 illa
1076 2410 1121 2471 lex
1137 2410 1246 2483 divina,

187 2511 271 2570 quam
289 2495 389 2557 volunt
404 2495 451 2571 dii,
473 2497 530 2558 boe
550 2515 610 2558 non
628 2499 724 2559 solum
740 2519 773 2560 ex
790 2499 854 2579 ipsa
869 2508 979 2572 natura,
995 2514 1068 2575 quae
1082 2494 1159 2550 illam
1177 2509 1246 2552 om—

184 2579 269 2640 nibus
286 2582 382 2641 modis
402 2601 470 2660 prae
491 2602 522 2643 se
543 2583 608 2655 fert,
629 2585 671 2645 vel
691 2604 725 2645 ex
746 2604 797 2646 sua
817 2586 949 2662 ipsorum
972 2581 1094 2641 ratione,
1117 2589 1189 2648 quae
1212 2597 1245 2638 se

184 2665 292 2722 aeterni
307 2665 381 2724 illius
398 2667 511 2726 consilii
527 2668 698 2745 participem
715 2669 805 2739 novit,
822 2668 980 2742 intelligere
995 2665 1054 2728 esta
1071 2675 1168 2716 Vtrum
1185 2659 1243 2738 ipsi

185 2745 272 2804 etiam
287 2747 335 2819 dii,
352 2766 425 2825 quae
440 2768 543 2810 eornm
561 2750 710 2810 clementia
727 2758 780 2825 est,
795 2748 996 2830 frequentibus
1011 2741 1196 2820 indiciis⁵⁰bi
1214 2748 1242 2808 id

186 2829 264 2907 quod
278 2830 334 2889 Fas
350 2838 396 2891 est
411 2834 599 2894 manifestum
616 2835 775 2908 reddidere,
796 2855 869 2914 quae
889 2840 954 2892 tum
970 2830 1000 2913 in
1015 2827 1118 2906 priscis
1134 2829 1189 2890 illis
1207 2833 1243 2893 de

186 2914 241 2976 diis
258 2922 343 2993 atque
358 2915 496 2978 heroibus
512 2919 618 2998 mythis
635 2919 753 2992 sanctis,
769 2924 831 2979 tum
848 2919 877 2979 in
893 2915 971 2977 cultu
985 2913 1110 2994 publico,
1130 2924 1193 2976 tum
1211 2917 1242 2977 in

186 3081 251 3130 mido
264 3096 287 3145 p.
298 3079 339 3131 34.
354 3088 379 3131 et
393 3085 422 3134 de
435 3083 520 3134 Parcis
531 3085 581 3148 36,
594 3086 759 3149 Blnmnerum‚
772 3086 814 3151 qui
827 3101 851 3151 p.
864 3084 912 3133 164
925 3100 962 3149 sq.
975 3085 1004 3134 de
1015 3101 1052 3150 eo,
1066 3087 1129 3151 quod
1139 3086 1240 3135 Aristo-

185 3149 231 3198 teli
243 3145 320 3198 tatum
338 3147 423 3215 fuerit,
440 3153 567 3215 ingenioso
581 3154 691 3204 disserit.

256 3217 297 3279 49)
312 3217 348 3268 De
362 3221 467 3284 ratione,
481 3236 543 3286 quae
556 3222 611 3287 diis,
625 3223 767 3273 nominatim
781 3222 838 3272 Jovi
853 3236 906 3270 cum
918 3219 969 3270 fato
982 3222 1163 3285 intercesserit,
1177 3223 1242 3272 haud

186 3293 302 3336 constant
313 3287 466 3350 singulorum
479 3288 640 3354 Graecorum,
654 3291 741 3356 quibus
754 3292 785 3341 de
798 3290 843 3341 tali
856 3305 883 3339 re
896 3288 994 3355 aliquod
1008 3290 1128 3354 judicium
1143 3305 1242 3355 compe·

185 3356 224 3417 tit,
238 3357 389 3406 sententiae.
410 3358 496 3424 Neque
514 3373 575 3407 vero
590 3359 614 3409 id
627 3360 722 3422 mirum,
736 3360 849 3424 qnoniarn
860 3359 923 3424 quod
937 3365 1075 3409 veruinast
1089 3358 1136 3407 nisi
1150 3359 1242 3408 sensim

185 3439 233 3472 non
247 3424 380 3490 reperitur.
411 3425 478 3492 Quas
491 3428 630 3478 sententias
647 3427 763 3493 deinceps
781 3442 915 3477 recensere
931 3433 1005 3493 atque
1017 3428 1048 3477 ad
1067 3433 1151 3475 certas
1165 3427 1243 3475 ratio-

185 3507 239 3555 nes,
252 3494 331 3558 quoad
344 3494 399 3558 ejus
412 3495 466 3544 fieri
479 3497 579 3561 poterit,
593 3512 722 3561 revocare,
736 3503 762 3546 ct
770 3495 974 3560 jucundissimum
985 3497 1051 3547 etad
1061 3510 1157 3544 omnem
1168 3510 1243 3556 grae-

185 3573 229 3608 cae
248 3561 378 3624 religionis
392 3565 512 3614 rationem
526 3565 698 3615 illustrandam
711 3564 869 3614 utilissimum
883 3565 939 3615 erit.
964 3565 1000 3615 lle
1010 3563 1147 3629 Aeschylo,
1162 3563 1202 3626 qui
1215 3569 1244 3611 ut

185 3628 277 3677 ceteris
294 3631 413 3694 partibus,
436 3633 470 3682 ita
494 3634 538 3682 hac
555 3635 629 3683 etiam
646 3632 719 3684 facile
736 3633 852 3699 princeps
870 3641 916 3696 est,
932 3650 958 3685 v.
975 3631 1087 3682 lilauseu
1110 3631 1186 3680 theol.
1201 3629 1242 3680 65.

185 3692 335 3810 quamquam
346 3715 409 3765 quae
419 3717 442 3766 p.
453 3699 493 3750 37.
506 3701 673 3768 disseruntur,
687 3717 716 3752 ea
727 3701 841 3768 equidem
852 3701 989 3767 speciosius
1000 3715 1073 3766 quam
1082 3699 1167 3749 verius
1178 3699 1244 3748 dicta

203 3777 300 3814 inerim.

254 3831 295 3894 50)
310 3837 422 3903 Μίμνει
429 3838 588 3953 qutvovroc
603 3834 634 3888 dv
641 3835 738 3955 ypy'vp
756 3832 826 3893 Διὸς
843 3839 948 3889 παθεῖν
964 3829 1014 3885 τὸν
1036 3832 1158 3903 ἔρξαντα·
1178 3835 1245 3885 bfo·

184 3896 327 3970 puovyoip.
352 3902 423 3966 hg.t
446 3904 461 3953 6
501 3903 584 3954 -Ci
597 3901 676 3955 lilaus
695 3904 800 3956 utheol.
814 3904 847 3954 84
859 3920 896 3970 sq.

186 4037 207 4088 Η
256 3967 313 4085 qhb)
328 3967 397 4033 δῆλα
410 3967 444 4038 δὴ
458 3973 589 4024 πολλοῖσι
601 3975 779 4044 τεκμηρίοισί
790 3970 849 4025 ἐστι
862 3967 896 4022 τὰ
909 3972 975 4023 θεῖα
991 3968 1045 4021 τῶν
1062 3963 1245 4040 πρηγμάτων.

209 4051 253 4088 ero
274 4075 279 4087 .
