2558 4530
416 328 457 377 De
475 326 626 394 Aeschyli
643 326 762 377 Persis.
1085 327 1115 376 l'l

57 493 205 574 portentis
215 499 245 555 et
256 489 381 556 oraculis
392 492 604 575 frequentibus,
615 493 648 555 in
656 493 792 557 universa
804 493 928 575 denique
940 492 1117 557 divinatione

58 579 139 641 cerni
154 586 282 660 possunt
291 580 303 620 ⁶
312 582 350 655 1).

143 666 208 727 Jam
224 685 293 727 vero
308 665 467 740 videamus,
483 665 633 746 quomodo
649 666 721 728 haec
734 665 841 739 Noster
861 665 892 726 in
907 664 1006 727 Persis
1020 665 1117 728 fabula

57 753 244 831 expresserit.
270 751 459 813 Revertamur
473 751 509 813 ad
521 750 675 814 Phineum.
704 750 748 812 lbi
764 770 818 830 ega
834 752 907 813 haec
920 751 981 811 fere
993 751 1116 813 oraculis

55 836 111 898 illis
126 837 287 900 identidem
303 837 472 899 memoratis
487 837 677 918 pronuntiata
694 837 788 898 luisse
809 837 998 898 crediderim:
1019 836 1061 897 lta
1081 838 1116 899 ab

55 922 123 1002 ipsa
134 923 302 999 1111111152)
314 922 386 984 iacta
398 930 443 984 est
455 924 544 985 Terra
554 924 614 1000 53),
628 930 661 984 11
673 923 747 985 eain
759 922 831 984 duas
844 922 1026 984 continentes
1036 917 1116 999 531)),
1130 944 1156 985 eo

56 1008 164 1087 quihus
180 1009 265 1070 Asiae
280 1014 365 1088 atque
378 1009 513 1089 Europae
524 1008 643 1070 nomina
658 1008 694 1070 ab
708 1009 878 1070 hominibus
895 1009 961 1069 data
976 1015 1056 1080 sunt,
1072 1009 1118 1070 di·

55 1092 238 1171 labatur-⁵4),
254 1093 441 1174 Hellesponto
458 1101 597 1174 tanquam
614 1113 697 1156 sacro
714 1095 841 1173 quodam
856 1093 985 1156 confinio
1002 1093 1117 1174 disjun-

55 1180 188 1256 ctas55).
218 1179 327 1240 Diversi
353 1197 406 1261 per
430 1188 584 1260 utramque
611 1180 680 1241 olim
706 1181 809 1260 populi
831 1180 1014 1241 disseminati
1037 1188 1117 1250 sunt,

55 1283 182 1344 quorum
209 1284 261 1327 sua
291 1265 414 1346 quisque
438 1267 552 1327 climata
578 1266 716 1337 sortitus,
742 1285 774 1326 ea
794 1273 934 1344 tanquam
964 1271 1116 1327 aeternum

56 1352 204 1430 quoddam
216 1351 390 1425 dominium,
407 1352 535 1413 humane
547 1358 575 1411 et
586 1350 682 1411 divina
695 1351 757 1428 lege
769 1370 895 1423 sacrum,
906 1358 994 1411 tenet.
1015 1351 1114 1430 lgitur‚

54 1438 197 1516 quoniam
212 1457 244 1499 ea
259 1436 298 1496 ita
313 1436 349 1496 ab
369 1437 434 1517 ipsa
445 1436 556 1498 Natura
570 1435 646 1496 lacta
667 1443 752 1515 atque
772 1436 925 1497 distributa
945 1442 1024 1509 sunt,
1044 1437 1115 1498 illud

54 1522 100 1583 fas
116 1530 191 1596 esto,
207 1529 235 1583 et
250 1521 300 1600 qui
313 1522 391 1583 hanc
404 1522 499 1600 legem
515 1520 690 1599 migraverit,
705 1521 750 1582 ille
765 1522 996 1597 1111111156).

126 1688 167 1752 51)
181 1689 216 1738 De
234 1697 304 1740 arcto
327 1691 405 1741 totius
428 1691 588 1741 divinationis
610 1706 664 1741 cum
682 1687 734 1741 fato
756 1707 870 1741 connexu
894 1691 1026 1756 plurimam
1048 1691 1115 1741 inter

56 1756 170 1807 Graecos
190 1759 368 1824 disputabatur,
390 1759 435 1809 abs
457 1775 504 1824 quo
524 1760 603 1810 Stoici
620 1757 671 1824 τὴν
683 1759 863 1876 εἱμαρμένην,
880 1759 1034 1809 Heraclitum
1050 1760 1115 1810 1111

54 1825 125 1886 eliis,
142 1825 179 1874 ita
196 1826 233 1875 hie
250 1827 324 1876 etiem
337 1829 425 1889 secuti,
439 1828 463 1876 in
477 1829 530 1893 ipsa
540 1829 686 1894 systematis
715 1835 786 1877 route
803 1834 948 1893 posuerant.
973 1827 1009 1877 lle
1026 1827 1115 1893 quibus

54 1894 264 1957 contentionibus,
283 1895 394 1960 inprimis
414 1896 613 1946 memorabilibus
632 1896 752 1945 nonnulla
769 1903 872 1946 exstant
889 1897 953 1961 apud
970 1894 1116 1946 Ciceronem

55 1962 86 2011 de
99 1962 149 2012 div.
162 1963 228 2011 etde
239 1959 298 2027 fato,
310 1963 478 2029 Plutarchum,
493 1964 841 2029 etAlexandrumApbrodis.
861 1965 927 2032 areph
938 1963 1115 2032 εἱμαρμένης.

122 2030 165 2148 ῗῖ)
180 2029 260 2081 Multa
274 2046 337 2096 quae
351 2033 389 2082 hio
401 2033 510 2083 attinent
522 2034 636 2083 iuvenies
649 2033 713 2098 apud
726 2030 813 2082 lilaus.
827 2032 903 2082 theol.
918 2047 972 2097 cap.
983 2030 1013 2081 ll.
1032 2033 1062 2081 de
1075 2047 1116 2081 re-

53 2113 103 2160 gno
146 2099 243 2148 elluris.

122 2166 164 2230 53)
178 2165 214 2217 Cl.
231 2166 313 2218 Prom.
332 2167 390 2218 835.
406 2168 492 2236 μέλας
508 2166 613 2225 κόλπος
626 2165 708 2225 Ῥέας.
730 2167 786 2220 Ρ11.
807 2168 866 2218 792.
885 2163 952 2233 αὐτὴ
971 2165 1026 2235 γὰρ
1044 2163 1059 2232 ἡ
1078 2169 1116 2232 Iti

54 2229 202 2303 ξύμμαχος
214 2239 317 2292 κείνοις
329 2236 407 2287 πέλει
419 2238 465 2286 hac
482 2239 589 2287 maxime
603 2238 700 2287 ratione
713 2237 862 2286 enarranda.
886 2237 923 2287 cf.
937 2244 988 2286 not.
1003 2237 1043 2286 ts.

123 2304 180 2365 5311)
199 2303 303 2369 Libyam
322 2305 422 2355 tertiam
439 2313 536 2370 partem
554 2305 704 2355 continentis
727 2306 787 2354 dicit
804 2305 927 2355 Pindarus
944 2304 1017 2371 Pyth.
1030 2303 1076 2354 lX.
1092 2304 1116 2354 8.

55 2369 119 2440 ῥίζα
132 2367 251 2436 ἀπείρου
262 2374 350 2441 τρίτα.
368 2371 405 2420 Cf.
414 2372 474 2421 Her.
484 2371 528 2422 lV.
538 2372 579 2422 42.
590 2380 617 2422 et
626 2388 688 2437 qnae
699 2373 781 2422 Boelrh
791 2373 822 2422 ad
835 2374 904 2422 illum
914 2373 995 2422 locum
1005 2373 1117 2422 animad-

56 2439 145 2487 vertit.

127 2504 169 2568 54)
183 2504 220 2553 De
238 2506 347 2570 mythico
360 2505 434 2554 Asiae
445 2512 471 2554 et
480 2505 595 2570 Europae
606 2507 638 2555 ex
648 2506 749 2555 Oceano
759 2507 942 2572 procreatione,
955 2523 1027 2571 quarn
1037 2509 1115 2557 Sebo-

56 2573 156 2638 liastes,
180 2573 279 2638 priores
302 2570 418 2623 fortassis
435 2575 519 2623 nescio
537 2589 599 2638 quos
617 2581 725 2638 secutus,
743 2590 776 2624 ex
793 2574 932 2623 11111185
950 2575 1073 2638 enucleat,
1092 2592 1116 2624 v.

56 2647 109 2690 not.
124 2640 165 2690 31.
190 2641 311 2706 Equidem
325 2642 348 2691 ei
360 2642 495 2706 assentior,
508 2657 562 2692 nom
572 2642 620 2692 etsi
633 2658 681 2691 non
695 2643 790 2692 diserte
803 2642 871 2692 bisce
883 2641 986 2692 vocibus
1003 2643 1046 2692 illc
1059 2659 1116 2694 sen-

55 2724 100 2758 sus
113 2709 181 2770 insit,
199 2716 280 2759 tumen
294 2716 370 2774 tecte,
388 2710 470 2774 etita,
487 2717 515 2761 ut
531 2711 582 2761 tale
600 2711 657 2776 quid
674 2711 698 2760 in
715 2718 798 2761 mente
819 2711 950 2761 habentem
962 2713 1114 2778 Aeschylum

56 2792 99 2827 eas
113 2778 247 2842 scripsisse
266 2779 370 2828 dixeris.

123 2846 164 2908 55)
178 2841 193 2896 ὁ
207 2843 281 2914 ἱερὸς
290 2842 490 2912 Ἑλλήςποντος
502 2847 560 2898 145.
584 2846 715 2898 Fortassis
728 2848 803 2898 etiam
815 2847 900 2898 Helles
913 2846 973 2909 sata,
986 2865 1031 2914 per
1044 2864 1115 2932 quam

54 2914 118 2965 illud
138 2912 215 2964 fatum
237 2930 335 2965 sacrum
354 2916 502 2979 exstiterat,
520 2916 613 2965 Phineo
630 2916 832 2968 immiscebantur
849 2944 882 2955 —
895 2916 950 2968 Prs.
964 2918 1021 2967 198.
1041 2917 1115 2982 οτῆς

60 2979 367 3050 ἈθαμαντίδοςἝλλης
379 2981 513 3069 πορθμὸς
525 2992 551 3035 11
563 2986 670 3051 saepius.

124 3051 166 3115 56)
179 3049 300 3101 11111111.
314 3068 338 3117 p.
354 3051 409 3102 181.
434 3054 665 3118 „bimplioissimum
678 3055 736 3118 erit,
753 3055 800 3104 boc
812 3060 932 3118 statuere,
949 3055 987 3104 his
1006 3053 1114 3104 oraculis

54 3121 239 3184 pronuntiatam
253 3136 310 3170 esse
322 3121 400 3186 ipsam
413 3121 480 3171 illam
493 3128 578 3171 terrae
590 3123 715 3187 marisque
728 3122 937 3186 distributionem,
947 3129 975 3172 at
987 3122 1047 3172 Asia
1060 3137 1115 3170 cnm

43 3187 178 3238 bellorum
191 3189 351 3239 terrestrium
364 3189 444 3252 gloria
457 3189 551 3254 Persis,
564 3205 631 3239 mare
646 3189 750 3240 Graecis
760 3191 915 3252 assignatum
928 3191 989 3239 sit.“
1018 3191 1054 3239 Ea
1067 3205 1114 3252 ego

56 3269 155 3321 sequor,
168 3263 342 3323 praeterquam
355 3258 419 3322 quod
432 3257 536 3320 gloriam
549 3259 697 3308 maritimam
711 3265 738 3307 et
750 3263 899 3308 terrestrem
917 3259 1017 3307 missam
1030 3258 1114 3307 velim.

55 3321 119 3374 Nam
132 3331 160 3375 ut
176 3332 280 3389 taceam,
298 3341 361 3390 quae
374 3341 388 3375 a
400 3324 462 3376 Viro
480 3327 553 3376 docto
571 3327 601 3376 de
620 3326 724 3387 Glauco,
741 3325 825 3384 Dario,
845 3325 946 3386 Phineo,
965 3326 1113 3374 Prometheo

57 3391 162 3456 denique
175 3408 261 3458 aquae,
274 3401 368 3456 terrae,
385 3394 453 3443 atris
474 3401 501 3444 et
518 3395 582 3456 ignis
594 3395 674 3444 veluti
688 3393 788 3442 vicariis
802 3393 873 3440 nimis
886 3399 976 3452 argute
988 3406 1018 3440 ac
1035 3406 1113 3456 paene

52 3457 142 3522 jocose
155 3462 322 3511 disseruntur:
336 3462 409 3511 etiam
422 3477 490 3511 maro
503 3471 530 3511 et
543 3469 636 3511 terram
648 3461 735 3509 Persis
749 3466 775 3507 et
787 3459 892 3508 Graecis
902 3459 1054 3520 assignatam
1067 3460 1114 3509 sibi

55 3527 168 3577 voluisse
185 3530 345 3594 Aeschylum,
367 3530 508 3594 hocusque
526 3529 633 3589 singulis
651 3528 722 3586 locis,
741 3541 801 3589 quos
819 3527 910 3590 promit
923 3523 1019 3589 litans,
1033 3543 1113 3593 neque

56 3595 130 3645 etiam
145 3597 262 3647 universa
275 3595 373 3647 fabulae
386 3597 468 3647 indole
478 3596 550 3661 prodi
562 3597 671 3645 videtur.
684 3621 719 3630 —-
731 3593 767 3642 lle
781 3593 836 3642 loco
849 3592 989 3643 tal-107.
1002 3610 1027 3644 v.
1039 3594 1112 3647 infra.

55 3663 175 3714 Ceterum
187 3665 312 3728 adjunctis
325 3679 388 3728 quae
400 3679 413 3713 1
426 3679 503 3714 versu
519 3661 566 3711 108
580 3679 617 3728 sq.
630 3663 754 3722 dicuntur,
767 3677 845 3727 eaque
857 3663 998 3711 arctissime
1008 3678 1061 3713 cum
1072 3665 1112 3724 iis,

55 3746 118 3796 quae
136 3735 295 3796 antecedunt,
319 3731 450 3794 conjuncta
468 3729 579 3799 ἔμαθον
597 3726 797 3801 δἐὐρυπόροιο
816 3725 960 3795 θαλάσσης
976 3738 1033 3792 etc„
1052 3733 1113 3782 illud

54 3815 209 3866 nequaquam
226 3801 265 3850 hic
282 3799 377 3850 dixisse
396 3799 516 3849 Nostrum
533 3806 610 3864 patet,
627 3799 712 3850 Persis
730 3806 878 3849 terrestrem
896 3806 990 3849 tantum
1007 3801 1112 3863 gloriam

55 3868 174 3919 divinitus
188 3869 306 3920 tributam
319 3883 386 3917 esse.
404 3867 515 3932 Apparet
526 3875 616 3931 autem,
628 3883 700 3934 quarn
713 3868 841 3932 sapienter
849 3868 989 3934 Aeschylus
1002 3871 1063 3919 talia
1076 3866 1088 3918 f
1102 3896 1113 3906 ·

54 3936 121 3987 bulis
134 3939 188 3988 suis
201 3938 383 3999 immiscuisset,
401 3936 423 3985 11
442 3937 624 4000 immiscuisset,
643 3937 733 4002 quippe
751 3937 961 4001 sapientissimum
978 3937 1045 4003 illud,
1063 3952 1111 4001 quo

55 4006 170 4059 Athenae
182 4005 350 4057 servabantur
361 4011 436 4071 atque
448 4005 480 4055 ad
492 4020 609 4056 summam
622 4003 706 4055 futuro
724 4011 836 4071 tempore
852 4005 957 4070 gloriam
973 4006 1114 4055 eveheban-

83 4088 202 4139 Preller‚
216 4101 307 4144 ansgew.
323 4088 433 4134 Auisttze.
897 4089 912 4138 2
