2558 4530
420 349 534 400 Lesbio
552 349 714 400 historico.
1063 348 1096 399 29

37 514 204 577 Hellanicus
218 514 313 577 facere
329 516 522 589 consueverit,
542 533 637 595 neque
657 513 799 576 Herodoti
820 515 952 594 exemplo
968 514 1094 576 Graeco
1110 536 1123 576 a

36 619 104 662 rum
120 607 206 680 atque
220 608 385 662 exterarum
402 601 533 679 gentium
548 619 596 661 res
612 607 641 661 et
654 600 729 661 facta
744 601 778 662 ad
796 617 887 662 unum
899 600 998 661 orbem
1011 608 1096 680 atque

37 682 180 748 ambitum
196 687 384 760 concinnare3
400 685 476 747 unde
490 685 660 764 intelligitur
674 685 790 747 solitam
803 684 941 746 Hellanici
956 686 1096 746 rationem

36 771 129 833 fuisse
144 791 207 833 eam
223 791 312 851 quam
327 771 433 832 dixeris
450 770 721 850 chorographicam,
741 770 790 832 ubi
807 771 905 832 omnis
921 771 1096 832 narrationis

37 857 136 919 unitas
150 857 182 918 iu
197 857 326 936 regionis
342 856 461 918 alicuius
476 857 519 917 vel
535 856 656 918 civitatis
673 856 795 918 circuitu
810 856 906 936 posita
927 863 980 929 est,
1000 874 1097 917 rernm

10 968 13 977 ·
36 961 108 1003 vero
125 942 269 1021 quaelibet
283 942 433 1003 diversitas
449 941 610 1004 admittitur·
625 942 812 1021 eiusdemque
827 941 883 1003 loci
898 940 1024 1012 fabulae,
1046 959 1098 1002 au-

37 1027 196 1107 tiquitates,
213 1034 401 1090 monumenta
416 1034 445 1088 et
459 1027 580 1089 historia
596 1028 681 1089 etiam
698 1046 771 1107 quae
790 1026 975 1108 peculiariter
995 1026 1099 1088 dicitur

36 1113 118 1174 velut
130 1132 184 1192 per
199 1120 325 1175 saturam
342 1113 536 1193 explicantur3
553 1132 627 1192 quae
641 1113 714 1174 ratio
731 1113 816 1175 sicuti
831 1119 898 1173 aute
913 1111 1096 1173 Herodotum

38 1198 251 1273 dominabatur,
267 1199 306 1260 ita
322 1198 398 1278 apud
414 1198 565 1259 inferiores
586 1217 642 1260 usu
661 1198 863 1279 receptissima
884 1207 954 1270 erat,
976 1205 1004 1258 et
1018 1215 1098 1258 nuno

38 1283 123 1344 etiam
139 1283 263 1346 multum
279 1284 430 1345 adhibetur
445 1283 480 1344 ab
496 1283 531 1344 iis
548 1284 597 1363 qui
618 1302 736 1344 omnem
753 1284 873 1345 alicuius
893 1284 950 1344 loci
970 1282 1095 1362 antiqui-

37 1375 126 1430 tatem
138 1387 196 1430 uua
208 1370 455 1430 commentatione
468 1368 718 1448 comprehendere
731 1369 840 1429 volunt.
867 1367 1015 1446 Cogitahat
1026 1367 1096 1429 llio-

36 1454 139 1533 npsius
154 1454 251 1514 inillis
265 1454 343 1514 haud
359 1452 446 1513 dubie
465 1454 592 1513 maxime
612 1453 647 1513 de
661 1453 778 1514 Atthide
796 1452 950 1525 Hellanici,
970 1459 1097 1513 ceterum

37 1539 164 1599 aliorum
187 1539 365 1617 scriptorum
386 1538 550 1616 fragmenta
565 1546 648 1611 sunt,
670 1556 743 1618 quae
765 1555 827 1599 non
842 1555 960 1618 semper
975 1555 1033 1598 uua
1053 1537 1098 1598 illa

36 1625 103 1702 lege
129 1641 195 1684 sese
220 1623 374 1684 inclusisse
392 1622 534 1685 Nostrum
558 1631 656 1703 aperte
675 1624 813 1696 doceant,
841 1624 892 1684 sed
916 1623 1099 1702 genealogica

38 1709 127 1770 etiam
143 1715 229 1788 atque
244 1709 451 1788 chronologica
465 1708 561 1770 forma
575 1726 790 1790 nonnunquam
801 1727 888 1771 usum
901 1727 976 1770 esse.
1004 1708 1052 1770 Sic
1067 1707 1097 1770 iu

37 1793 238 1868 Deucalionea,
254 1793 431 1868 Phoronide,
447 1794 609 1856 Atlantiade
623 1794 695 1857 nihil
711 1795 787 1857 aliud
805 1795 874 1856 iecit
893 1794 951 1855 nisi
966 1793 1097 1857 Deucali-

37 1880 152 1954 darum,
168 1880 419 1954 Phoronidarum,
439 1880 617 1942 Atlantidum
637 1880 745 1960 stirpes
766 1889 852 1960 atque
872 1897 976 1958 genera
992 1898 1097 1960 prose-

37 1972 123 2029 cutus
138 1973 197 2040 est3
213 1966 292 2046 quod
308 1967 437 2028 iudicant
451 1966 532 2045 ipsae
547 1965 764 2045 inscriptiones,
780 1966 815 2027 ad
827 1967 977 2045 epicorum
991 1965 1097 2026 carmi-

38 2069 108 2113 num
124 2051 343 2114 similitudinem
359 2051 483 2131 positae,
503 2069 564 2112 uon
588 2051 623 2112 ad
640 2051 865 2114 Homericorum
882 2058 966 2130 puta,
990 2050 1042 2111 sed
1062 2050 1098 2111 ad

37 2136 210 2198 inferiorum
227 2137 357 2209 illorum,
379 2155 453 2216 quae
469 2136 597 2198 Hesiodo
613 2136 831 2210 tribuebantur,
852 2136 937 2209 Asio,
960 2135 1097 2208 Eumelo;

37 2221 91 2283 etsi
106 2223 198 2284 multa
213 2223 291 2302 apud
303 2221 483 2283 Hellanicum
499 2223 609 2301 passim
622 2223 796 2302 interposita
807 2229 898 2295 eraut,
915 2241 989 2302 quae
1001 2222 1098 2283 histo-

36 2307 130 2368 ricum
151 2307 243 2386 magis
265 2307 448 2382 redolebant,
467 2308 545 2367 velut
564 2307 594 2367 in
614 2308 784 2368 Phoronide
804 2308 942 2387 explicate
959 2306 1099 2368 disseruit

38 2391 75 2453 de
90 2390 223 2468 Pelasgis
239 2410 400 2469 eorumque
419 2390 642 2467 migrationibus
658 2400 870 2471 terrarumque,
889 2410 960 2470 quas
980 2393 1010 2453 in
1031 2412 1097 2453 om-

37 2494 107 2537 nem
125 2474 228 2535 orhem
243 2475 375 2552 dissipati
396 2473 575 2546 incolebant,
594 2475 731 2549 urbibus,
751 2477 938 2555 similiterque
957 2477 988 2536 in
1009 2476 1097 2537 rebus

38 2558 244 2622 consimilibus
261 2559 367 2621 versati
382 2577 447 2620 esse
463 2558 596 2621 ridentur
609 2560 762 2620 Acusilaus
777 2560 898 2639 Argivus
914 2568 942 2620 et
955 2561 1099 2640 Pherecy-

37 2646 91 2707 des
108 2644 305 2706 Atheuieusis.
336 2645 465 2724 lienique
479 2644 714 2724 chronologicam
734 2646 819 2707 etiam
842 2645 987 2725 quandam
1003 2646 1097 2708 facto·

37 2749 104 2793 rum
117 2730 315 2791 narrationem
329 2730 543 2808 posterioribus
555 2731 675 2810 praeivit
686 2730 734 2791 illo
748 2750 845 2810 opere,
862 2732 941 2811 quod
953 2732 988 2792 de
1000 2751 1096 2794 sacer-

38 2815 156 2878 dotibus
171 2816 294 2878 lunonis
315 2816 436 2892 Argivae
451 2815 624 2895 inscriptum
641 2824 710 2890 erat,
732 2836 790 2897 quo
806 2818 935 2896 regulam
951 2821 1096 2897 quandam

37 2920 85 2964 res
101 2901 230 2963 diversas
247 2901 282 2963 ad
298 2902 420 2962 eandem
434 2901 578 2980 temporis
594 2901 820 2982 descriptionem
837 2905 993 2965 revocandi
1013 2904 1096 2965 facile

37 2987 152 3067 primus
167 2986 344 3066 periclitatus
360 2994 414 3060 est,
439 3006 539 3048 sacros
555 2987 585 3048 in
601 2988 671 3061 hoc,
693 2988 742 3067 qui
758 2988 787 3048 in
803 2990 919 3068 templis
935 2989 1095 3051 maioribus

38 3073 271 3134 asacerdotibns
292 3072 379 3133 condi
401 3072 547 3147 solebant,
569 3074 797 3135 commentarios
817 3084 951 3150 secutus3
977 3076 1013 3135 de
1036 3093 1094 3154 quo

39 3176 127 3237 opere
141 3176 203 3219 non
219 3158 344 3219 alienum
360 3157 414 3219 erit
428 3158 503 3220 iufra
518 3159 604 3239 paulo
620 3160 798 3221 enucleatius
815 3161 1015 3221 commentari.
1038 3160 1094 3221 Sed

36 3244 118 3305 vides
138 3244 177 3304 ita
199 3243 233 3304 ad
254 3250 313 3305 tres
328 3242 518 3323 potissimum
542 3244 649 3306 classes
664 3245 772 3307 nubem
789 3245 865 3306 illam
881 3245 1032 3306 titulorum
1048 3263 1097 3304 re-

37 3328 134 3389 vocari
149 3347 238 3407 possa
255 3336 341 3409 atque
356 3328 487 3409 disponi3
508 3347 633 3407 quorum
650 3330 731 3390 multi
748 3329 844 3402 etiam,
865 3329 893 3389 id
915 3330 992 3408 quod
1010 3329 1095 3389 certis

36 3413 215 3490 argumentis
231 3413 487 3487 demonstrabitur,
502 3414 575 3474 nihil
591 3423 673 3474 erant
687 3415 743 3474 nisi
757 3422 854 3491 partes
867 3414 1010 3473 maiorum
1024 3432 1096 3489 ope-

36 3516 114 3559 rum.
130 3497 302 3561 Dicamvero
314 3500 345 3560 in
357 3499 545 3577 sequentibus
558 3499 686 3576 primum
698 3498 734 3556 de
743 3497 882 3576 operibus
892 3497 1094 3575 genealogicis,
1110 3522 1123 3560 o

36 3581 144 3644 deiude
159 3583 194 3644 de
208 3582 456 3664 chorographicis,
472 3583 596 3661 denique
612 3583 648 3641 de
662 3581 884 3660 chronologicis.

334 3807 355 3868 l.
382 3803 508 3866 OPERA
531 3803 803 3868 GENEALOGICA.

121 3925 237 3989 Horum
261 3926 291 3988 in
318 3924 490 4004 fragmentis
512 3925 674 4005 digerendis
701 3926 888 3988 utilissimum
914 3935 989 4000 erat,
1016 3930 1095 4008 quod

33 4010 234 4093 Apollodorus
254 4011 283 4072 in
301 4010 480 4072 bibliotheca
498 4011 544 4072 his
564 4011 637 4092 ipsis
654 4011 792 4074 Hellanici
813 4012 950 4093 operibus
970 4015 1096 4074 maxime
