2558 4530
359 351 506 407 nominis
524 350 749 421 caryotidum.
1024 353 1078 408 189

25 509 162 571 hebiliter
181 506 361 586 disputatum
382 526 448 568 esse
468 507 547 585 quod
567 508 669 568 attinet
687 509 722 569 ad
739 507 935 587 Canephoros.
963 508 1077 570 Etenim

26 595 157 673 primum
172 611 280 665 earum,
296 611 369 671 quae
384 593 469 653 etiam
484 611 563 653 nunc
578 593 698 653 Athenis
712 594 755 653 vel
767 593 878 653 Romae
893 594 935 653 vel
950 593 1013 654 alibi
1028 614 1077 654 er-

26 686 114 751 stent,
130 685 291 740 statuarum
307 678 597 738 architectonicarum
613 678 739 738 maxima
751 696 820 755 pars
832 696 931 737 revera
946 678 1077 739 suntda-

26 765 193 844 nephoroe3
214 763 318 822 deiude
334 763 420 823 habet
434 764 507 823 haec
521 763 671 841 explicatio
683 763 851 823 interiorem
864 764 1010 841 quandam
1023 765 1079 825 veri
1097 783 1136 824 eoo

27 851 154 928 speciem
172 854 200 908 et
215 847 457 908 concinnitatem:
473 866 598 926 namque
611 847 687 907 sicut
697 865 785 919 nunc,
802 865 874 925 quae
884 847 996 908 Italiam
1011 848 1081 909 visi-

26 933 156 995 tantibus
170 931 279 1011 ubique
295 932 396 992 obviae
411 934 497 1006 liunt,
514 931 640 1010 virgines
656 940 705 993 aut
720 932 857 993 mulieres
873 951 940 992 vasa
955 933 985 992 in
1001 932 1081 1012 capi-

26 1018 104 1079 tibus
125 1025 271 1096 gestantes
292 1017 459 1095 gratissimo
485 1017 625 1096 adspectu
645 1017 690 1077 vel
710 1034 870 1095 provocare
892 1017 1022 1095 pictores
1045 1017 1080 1078 ad

26 1103 200 1163 imitandum
212 1103 355 1175 videntur,
367 1103 405 1162 ita
418 1110 647 1163 consentaneum
657 1109 702 1163 est
713 1102 798 1162 etiam
809 1101 936 1162 Graecos
947 1102 1080 1176 artifices,

26 1188 243 1249 studiosissime
262 1187 326 1247 illos
347 1187 480 1266 quicquid
501 1187 532 1247 in
551 1193 654 1247 natura
669 1194 720 1248 aut
733 1186 763 1247 in
782 1185 992 1247 consuetudine
1007 1187 1080 1248 vitae

25 1273 172 1333 humanae
192 1271 305 1332 venusti
323 1280 409 1351 atque
428 1271 528 1333 decori
548 1272 733 1347 occurrebat,
756 1279 817 1331 arte
831 1291 884 1332 sua
898 1280 1079 1351 prosecutos,

25 1358 150 1435 virgines
177 1375 354 1435 pomparum
379 1357 520 1417 imitando
547 1356 676 1434 primurn
702 1356 737 1417 ad
764 1356 826 1416 illas
848 1363 958 1417 statuas
980 1364 1079 1418 motos

23 1443 126 1503 fnisse.
158 1442 223 1514 Quo
240 1441 349 1501 accedit
362 1441 461 1515 etiam,
477 1441 554 1521 quod
571 1441 688 1501 eaedem
704 1441 841 1519 virgines,
860 1460 932 1519 quae
948 1441 977 1501 in
993 1460 1080 1519 pom-

24 1528 71 1607 pis
94 1526 303 1604 supellectilem
324 1544 435 1586 sacram
456 1526 620 1604 gestabant,
646 1526 921 1586 convenientissime
944 1533 1082 1604 poterant

25 1613 63 1672 ad
79 1612 203 1671 alterum
217 1609 286 1671 illud
302 1629 416 1671 sacrum
431 1611 639 1683 ministerium,
659 1612 789 1690 epistylia
806 1610 993 1672 delubrorum
1008 1629 1080 1690 por-

24 1696 119 1766 tandi,
135 1695 358 1756 accommodari.

114 1780 306 1840 Nihilominus
314 1787 425 1841 restant
433 1780 519 1842 etiam
533 1782 575 1842 sic
585 1781 741 1842 nonnullae
750 1781 940 1856 offensiones,
953 1781 1080 1844 maxime

26 1865 97 1926 siin
113 1865 316 1926 confusionem
326 1866 412 1939 illam,
428 1885 515 1945 quam
528 1866 628 1927 dicunt
639 1868 743 1927 factam
760 1886 824 1926 esse
836 1866 1078 1945 Canephororum

25 1957 112 2029 atque
131 1950 326 2030 Caryatidum,
347 1950 511 2030 diligentius
532 1951 727 2030 inquisiveris
756 1952 793 2011 Et
813 1951 940 2029 primum
962 1951 1079 2029 quidem

25 2035 160 2112 cupidius
180 2035 391 2109 iudicaverunt,
413 2037 462 2115 qui
482 2054 591 2097 nomen
608 2036 791 2115 Caryatidum
810 2034 957 2096 novicium
973 2055 1038 2095 esse
1053 2043 1082 2096 et

25 2140 41 2182 a
58 2121 215 2191 RomaniS,
235 2121 363 2182 fortasse
383 2121 418 2182 ab
439 2121 504 2199 ipso
525 2121 653 2182 Vitruvio
674 2121 826 2182 inductum
848 2120 977 2181 arbitrati
997 2127 1080 2193 sunt3

25 2224 112 2285 quarn
128 2206 372 2265 asseverationem
389 2224 423 2265 eo
439 2213 611 2282 argumento
632 2207 727 2267 solent
746 2207 931 2278 confirmare,
952 2206 1031 2284 quod
1049 2205 1080 2265 in

25 2289 167 2351 celebrata
182 2289 230 2348 ille
244 2289 435 2367 inscriptione
450 2289 543 2350 Attica
557 2291 750 2350 Erechtheum
766 2292 908 2368 spectanti
923 2290 984 2351 eius
1000 2291 1080 2352 aedi-

24 2375 81 2436 ficii
99 2373 267 2452 Caryatides
283 2372 453 2451 simpliciter
468 2373 600 2433 dicentur
614 2367 720 2452 κόραι.
755 2374 811 2446 Qui
831 2374 1018 2451 neglexerunt
1031 2376 1080 2436 lo-

24 2479 92 2521 cum
109 2457 250 2519 Athenaei
262 2457 307 2528 Vl,
323 2475 352 2535 p.
365 2457 427 2517 242
442 2457 474 2529 D,
488 2456 539 2517 ubi
554 2476 588 2516 ex
599 2457 715 2534 Lynceo
731 2457 839 2528 Samio,
855 2458 970 2518 Duridis
986 2459 1081 2519 histo-

22 2543 78 2605 rici
95 2543 196 2612 lratre,
212 2541 363 2620 profertur
377 2541 506 2602 narratio
518 2541 611 2619 lepida
627 2541 662 2600 de
674 2541 788 2620 Corydo
804 2542 930 2619 quodam
943 2544 1082 2621 parasito,

23 2634 150 2709 propter
164 2627 282 2687 facetias
299 2645 367 2687 suas
383 2626 461 2704 apud
478 2633 579 2705 poetas
596 2625 764 2686 comoediae
778 2626 887 2686 Atticae
897 2645 990 2687 novae
1006 2627 1082 2688 cele-

22 2714 120 2783 brato,
137 2729 205 2771 eum
217 2712 376 2786 hominem,
393 2730 459 2773 oum
472 2712 502 2771 in
516 2711 642 2771 triclinio
654 2710 768 2772 ruinam
781 2711 924 2773 minitanti
936 2720 1080 2788 coenaret,

24 2797 150 2859 dixisse:
173 2788 320 2858 ἐνταῦθα
341 2794 487 2858 δειπνεῖν
507 2792 559 2857 δεῖ
579 2787 811 2879 ὑποστήσαντα
830 2793 888 2880 τήν
906 2789 1081 2880 ἀριστερὰν

23 2881 119 2965 χεῖρα
139 2875 251 2962 ὥσπερ
273 2872 308 2942 αἱ
331 2875 542 2962 καρυᾶνιδεςε
567 2901 625 2961 quo
644 2883 711 2943 loco
737 2884 807 2944 setis
828 2883 1015 2946 manifestum
1036 2892 1081 2946 est

23 2986 85 3028 non
97 2966 133 3027 de
143 2966 314 3027 saltantibus
323 2967 520 3047 Caryatidihus
532 2986 699 3028 sermonem
711 2986 786 3043 esse,
797 2967 873 3030 sicut
884 2971 983 3032 statuit
991 2971 1080 3032 Boet-

22 3053 146 3130 tigerus,
162 3051 214 3111 sed
230 3052 266 3112 de
280 3058 353 3112 tecta
368 3061 452 3131 atque
466 3052 595 3132 epistylia
611 3054 857 3116 sustentantibus:
876 3056 955 3117 unde
970 3055 1080 3134 colligi-

23 3144 74 3198 tur
93 3153 158 3197 rem
174 3143 260 3215 atque
275 3155 383 3197 nomen
398 3156 465 3199 vere
482 3138 624 3199 Graecum
640 3158 705 3200 esse
720 3146 749 3199 et
764 3139 837 3218 ipsis
852 3140 1080 3203 Atheniensibus

22 3228 209 3300 usurpatum,
220 3222 306 3300 idque
317 3230 407 3283 aetate
419 3242 435 3283 a
447 3231 639 3284 monumento
652 3224 709 3300 illo,
723 3244 780 3303 quo
793 3224 958 3305 Caryatides
969 3225 1080 3286 Erech-

21 3307 83 3368 thei
100 3306 236 3366 dicuntur
250 3299 357 3387 κόραι,
372 3308 449 3369 haud
465 3308 586 3369 nimium
603 3309 730 3369 distanti.

110 3391 229 3464 Deinde,
245 3391 269 3451 si
280 3399 409 3451 veterum
422 3393 591 3452 testimonia
602 3393 811 3466 examinemus,
825 3392 950 3452 multum
963 3390 1081 3468 quidem

22 3476 67 3537 eis
88 3485 291 3537 memorantur
311 3475 435 3554 virgines
455 3477 632 3554 Caryatides‚
658 3476 766 3536 Dianae
787 3474 972 3552 cognominis
992 3475 1080 3535 cultui

22 3560 164 3632 addictae,
181 3561 233 3621 sed
248 3578 400 3638 nunquam
416 3560 577 3638 loquuntur
591 3559 648 3619 nisi
665 3560 701 3618 de
714 3559 897 3631 saltantibus,
911 3558 998 3639 idque
1012 3578 1080 3620 mo·

21 3797 214 3863 spartanisehen
227 3794 384 3862 llaryatiden
401 3808 449 3842 von
463 3794 549 3844 Alters
564 3796 610 3844 ber
625 3792 779 3858 angeiangcn
797 3797 850 3858 hat,
868 3797 917 3847 und
934 3800 992 3850 dees
1008 3802 1080 3865 alles,

21 3880 76 3915 wne
89 3865 139 3913 wir
151 3865 213 3914 noch
226 3865 249 3914 in
264 3865 348 3913 dieser
360 3864 408 3912 Art
421 3861 545 3924 hesitzen,
557 3891 591 3901 -
603 3863 737 3925 cigentlieh
751 3880 798 3912 nur
809 3880 857 3914 von
870 3862 1033 3932 llanephoren
1048 3887 1080 3920 zu

20 3934 159 3983 verstehen
172 3933 215 3981 ist.
241 3932 362 3981 Similiter
374 3931 484 3980 iudicant
496 3931 572 3981 licor.
586 3931 676 3997 Meyer
693 3932 716 3980 in
730 3940 793 3982 nott.
806 3934 837 3984 ed
852 3933 1001 3986 Winclrelm.
1014 3938 1077 4004 Opp.

19 3998 81 4053 Vol.
95 3999 125 4063 ll,
139 4017 163 4066 p.
176 4001 239 4063 3703
254 3999 284 4065 V,
298 4016 321 4068 p.
334 3999 393 4070 ³32,
406 3999 452 4053 Od.
466 4000 574 4057 Mueller
585 4000 681 4051 Handb.
694 4000 717 4052 d.
730 4002 860 4052 Archeool.
877 4000 964 4069 5279,
976 4006 1026 4056 ulii.
