2558 4530
175 429 227 481 118
580 423 629 478 De
654 425 708 476 via
733 439 832 478 sacra

176 583 417 664 septentrionales
433 583 613 662 peregrinari
629 583 671 642 vel
683 582 750 642 inde
761 583 890 642 Athenas
902 580 1028 658 migrare
1039 580 1166 653 volebat,
1179 599 1235 642 non

174 670 256 730 facile
271 667 325 727 alio
338 668 440 728 itinere
456 676 594 728 uteretur.
617 668 701 727 Unde
715 668 823 728 lactum
840 673 872 728 ut
886 683 947 725 non
959 665 1050 724 modo
1064 666 1133 738 aris,
1147 668 1234 727 sacel-

174 754 220 824 lis,
236 752 364 831 templis,
381 753 432 813 sed
450 753 535 813 etiam
548 753 626 824 vicis,
639 753 742 823 bortis
756 751 892 812 aedificiis
904 751 1000 822 variis,
1015 751 1234 829 sepulcrorum-

175 858 241 918 que,
258 857 331 916 quae
346 838 380 898 ad
396 837 649 915 frequentissimas
665 856 795 916 quasque
810 838 871 896 vias
887 836 959 913 poni
971 834 1116 910 solebant,
1128 855 1233 897 monu-

174 924 282 983 mentis
299 922 420 982 mirifice
434 922 573 1001 frequens
589 930 667 982 esset
681 931 767 1000 atque
782 922 811 980 in
827 922 927 999 paucis
944 920 1113 998 conspicua.
1139 922 1234 1000 Neque

174 1008 272 1068 minus
286 1007 321 1066 ab
332 1007 485 1085 regionum
498 1008 673 1068 amoenitate
686 1015 956 1085 prospectuumque
968 1005 1105 1066 varietate
1113 1005 1233 1084 insignis

174 1100 249 1165 erat,
266 1091 409 1169 siquidem
426 1100 453 1151 et
469 1110 550 1152 oram
566 1093 740 1153 maritimam
758 1090 930 1168 attingebat,
955 1090 1135 1150 Salaminem
1153 1099 1234 1170 atque

170 1176 314 1255 ‘Aeginam
335 1176 446 1237 insulas
466 1186 663 1254 spectantem,
683 1184 712 1236 et
733 1194 877 1237 amoenos
898 1175 1043 1234 montium
1062 1176 1233 1255 colliumque

172 1269 283 1322 tractus
298 1261 463 1339 superabat,
479 1281 589 1341 perque
605 1280 726 1341 campos
738 1262 859 1337 insuper
871 1260 1070 1320 fertilissimos
1083 1260 1149 1320 illos
1162 1261 1234 1321 Atti-

174 1365 225 1406 cae
241 1349 326 1407 ducta
338 1354 408 1418 erat,
424 1347 542 1407 assidua
557 1366 696 1425 agrorum
712 1352 798 1425 atque
813 1347 969 1405 hortorum
982 1345 1097 1406 cultura
1111 1346 1232 1406 nitentes

123 1431 125 1434 ’
174 1439 203 1492 et
223 1432 305 1509 quasi
327 1432 536 1492 humanitatem
557 1431 703 1510 quandam
720 1430 922 1502 ostendentes,
943 1439 974 1489 ut
989 1429 1028 1489 ait
1043 1430 1231 1491 Dicaearchus

173 1516 257 1576 initio
282 1517 437 1594 fragmenti
458 1518 493 1577 de
515 1520 571 1576 vita
593 1516 743 1577 Graeciae:
775 1507 925 1576 insideo
945 1515 1084 1591 (Megaris
1105 1524 1176 1593 puta
1195 1516 1232 1575 rel

174 1601 325 1677 Eleusine)
354 1593 402 1674 εἰς
421 1598 460 1661 τὸ
481 1593 669 1684 Ἀθηναίων
692 1593 822 1661 ἔπεισιν
844 1590 940 1660 ἕλοιο·
969 1590 1047 1673 ὁδὸς
1069 1594 1108 1660 δὲ
1130 1592 1231 1683 ἡδεῖα,

176 1679 399 1767 γεωργουμένη
424 1682 533 1759 πᾶσα,
557 1678 677 1761 ἔχουσα
698 1681 738 1768 τῇ
761 1676 840 1766 ὄψει
864 1676 1119 1767 φιλάνθρωπον.
1156 1687 1232 1758 Quae

174 1769 274 1828 laudes
291 1769 375 1828 sicuti
392 1769 466 1828 inter
481 1769 626 1847 antiquos,
640 1777 672 1830 ut
685 1770 861 1846 peculiarem
874 1769 960 1845 huius
972 1769 1034 1828 viae
1046 1769 1232 1848 descriptioni

175 1871 274 1914 curam
294 1852 448 1923 tribueret,
470 1862 624 1915 moverunt
643 1855 832 1914 Polemonem
850 1855 1008 1930 (Harpocr.
1025 1853 1042 1912 l.
1058 1873 1083 1914 c.
1104 1849 1233 1934 βιβλίον

177 1930 253 1998 ὅλον
274 1930 448 2016 Πολέμωνι
472 1935 655 2021 γέγραπται
679 1934 836 2021 περὶτῆς
859 1930 948 2017 ἱερᾶς
971 1930 1064 2016 ὁδοῦ)
1081 1947 1110 1998 et
1124 1939 1231 2000 Pausa-

174 2023 263 2094 niam,
280 2023 362 2084 cuius
376 2023 534 2102 descriptio
550 2043 630 2085 nuno
645 2025 829 2102 praecipuus,
844 2024 921 2084 unde
937 2023 973 2083 de
987 2023 1045 2083 illis
1059 2024 1132 2084 locis
1145 2043 1232 2102 quae-

174 2116 271 2180 ratur,
291 2109 359 2169 lons
380 2117 425 2170 est
446 2109 550 2185 (Attica
570 2128 595 2168 c.
613 2108 775 2183 36-3sy:
799 2110 836 2168 ita
857 2127 950 2186 neque
965 2109 1044 2168 inter
1056 2109 1232 2170 recentiores

174 2193 408 2272 peregrinatores
436 2193 699 2271 antiquitatumque
718 2193 881 2253 Atticarum
900 2193 1060 2271 scriptores
1082 2194 1232 2273 quisquam

174 2276 257 2336 facile
272 2278 325 2336 bas
340 2276 474 2355 regiones
490 2278 592 2355 attigit,
609 2279 677 2356 quin
693 2280 813 2338 ruinosa
828 2279 892 2351 ista,
907 2278 1013 2357 quibus
1029 2296 1110 2339 nunc
1125 2279 1232 2340 obsitae

175 2368 258 2434 sunt,
278 2368 323 2422 tot
341 2362 490 2439 religionis
511 2363 713 2424 sanctissimae
729 2364 856 2442 artisque
872 2363 1103 2442 perfectissimae
1118 2364 1231 2442 vestigia

175 2447 306 2507 studiose
318 2447 430 2526 legerit:
447 2467 572 2527 quorum
586 2468 651 2509 cum
666 2449 725 2509 sint
737 2449 884 2526 permulti,
896 2466 977 2509 nunc
989 2467 1041 2508 eos
1054 2455 1170 2510 tantum
1181 2467 1231 2510 no·

174 2533 302 2605 minabo,
312 2533 361 2612 qui
371 2550 441 2612 prae
451 2536 554 2595 ceteris
566 2541 698 2595 accurate
709 2536 744 2595 de
755 2534 790 2594 iis
800 2533 987 2593 commentati
997 2541 1075 2606 sunt,
1084 2534 1159 2595 Guil.
1170 2533 1230 2594 Gel-

174 2617 244 2677 lium
257 2618 287 2678 in
301 2619 448 2678 itinerario
462 2619 572 2678 Graeco
587 2638 615 2697 p.
629 2619 668 2678 33
679 2638 753 2697 sqq,
770 2618 909 2678 llrusium
925 2626 1061 2678 nostrum
1074 2619 1105 2680 in
1121 2618 1231 2680 Hellade

144 2719 156 2758 5
175 2701 210 2773 ll,
230 2704 256 2771 1,
271 2721 301 2778 p.
320 2703 503 2774 tos-184,
520 2711 549 2762 et
563 2703 701 2762 Leahium
718 2703 747 2763 in
762 2703 857 2763 libello
874 2703 910 2762 de
926 2704 1016 2764 demis
1032 2704 1149 2774 Atticis,
1170 2721 1232 2783 ger-

175 2785 289 2845 manice
306 2804 392 2845 verso
409 2786 444 2844 ab
461 2788 492 2845 h.
510 2787 748 2860 Westermanno,
771 2787 923 2849 Bruusvici
942 2788 1030 2860 1840,
1045 2807 1074 2866 p.
1095 2788 1155 2850 133
1172 2807 1230 2866 sqq.

175 2868 288 2928 Horum
316 2869 568 2947 disquisitionibus
595 2872 670 2930 hanc
692 2890 788 2932 meam
811 2873 1089 2933 commentationem
1115 2873 1232 2935 adiicere

175 2953 267 3024 liceat,
284 2971 339 3030 qua
356 2960 384 3013 et
399 2971 473 3032 quae
485 2953 520 3013 ab
532 2954 586 3013 illis
603 2955 637 3015 de
648 2956 781 3016 locorum
803 2958 929 3018 maxime
945 2958 1134 3036 antiquorum
1147 2957 1231 3018 vesti-

176 3037 229 3114 giis
246 3044 332 3115 atque
347 3038 504 3098 intervallis
522 3039 667 3117 disputata
684 3051 753 3102 sunt
767 3042 1016 3114 retractabuntur,
1033 3049 1062 3102 et
1076 3043 1230 3122 antiquita-

175 3128 238 3181 tum
259 3140 407 3183 sacrarum
430 3133 637 3200 monumenta,
658 3127 764 3204 quibus
788 3127 825 3187 illi
846 3127 991 3187 minorem
1007 3144 1107 3188 curam
1123 3128 1231 3190 tribue-

174 3215 252 3278 runt,
269 3226 356 3286 quam
373 3208 497 3268 maxime
510 3210 571 3270 lieri
587 3212 695 3289 poterit
710 3212 939 3272 illustrabuntur.

259 3292 418 3353 Pausanias
441 3295 515 3355 viam
539 3296 759 3357 describendam
777 3298 890 3357 orditur
904 3316 919 3356 a
935 3296 1053 3376 Dipylo,
1077 3316 1135 3374 qua
1150 3302 1232 3376 porta

174 3396 209 3437 ex
230 3378 302 3438 urbe
325 3378 355 3438 in
378 3379 452 3438 viam
476 3398 589 3441 sacram
611 3381 756 3452 exibetur,
780 3389 912 3459 recteque
935 3382 1017 3454 lecit,
1041 3382 1066 3441 si
1087 3382 1163 3442 viam
1184 3398 1232 3460 per

174 3480 275 3539 agrum
299 3465 415 3524 ductam
440 3483 574 3544 opponas
594 3466 650 3545 ipsi
672 3466 736 3525 urbi
758 3466 917 3545 plateisque
936 3466 1053 3527 urbicis.
1089 3466 1232 3545 Pompam

173 3565 242 3606 vero
263 3549 371 3621 Iacchi,
396 3568 450 3627 qna
472 3550 661 3627 potissimum
678 3552 750 3610 haec
765 3551 812 3611 via'
825 3570 906 3611 sacra
921 3560 997 3624 erat,
1019 3551 1044 3611 si
1065 3569 1232 3630 sequamur,

175 3641 261 3709 caput
275 3634 336 3692 eius
353 3635 515 3694 accuratius
532 3636 719 3696 statuendum
735 3636 790 3695 erit
805 3636 854 3708 ibi,
870 3638 949 3697 unde
964 3636 1027 3714 ipsa
1040 3655 1152 3715 pompa
1163 3655 1233 3716 pro-

173 3715 363 3793 ficiscebatur,
380 3720 554 3796 perpetratis
571 3720 655 3780 variis
668 3720 815 3782 sacrificiis
828 3730 912 3799 atque
923 3722 1159 3794 lustrationibus,
1170 3721 1234 3800 qui-

96 3873 99 3878 ·
173 3798 229 3858 bus
242 3810 360 3879 mystae,
374 3811 528 3882 antequam
541 3804 634 3881 ipsam
647 3806 814 3865 Eleusinem
826 3807 947 3876 adirent,
961 3806 1037 3885 apud
1053 3807 1234 3868 Eleusinium

173 3884 309 3944 urbicum
332 3888 531 3964 purgabantur
552 3896 637 3966 atque
653 3890 908 3968 praeparabantur.
939 3892 1121 3952 Eleusinium
1138 3899 1234 3952 autem

174 3967 242 4027 illud
259 3969 390 4030 urbicum
409 3967 459 4047 (τὸ
482 3967 616 4047 ἐνθάδε,
639 3970 678 4033 τὸ
701 3965 873 4059 Ἀθήνῃσι,
896 3971 934 4036 τὸ
958 3970 992 4037 ἐν
1014 3968 1109 4037 botae
1127 3969 1233 4037 Ἑλευ-

174 4045 292 4127 οίνιον,
312 4056 411 4134 Lysias
432 4075 456 4116 c.
471 4057 615 4118 Andocid.
637 4059 705 4131 §43
725 4059 859 4137 Xenoph.
877 4060 913 4121 de
928 4079 960 4122 re
977 4081 1022 4140 eq.
1037 4061 1066 4135 l,
1090 4062 1124 4141 13
1145 4063 1233 4142 Corp.
