2558 4530
418 391 534 442 Lesbio
553 392 718 442 historico.
1063 393 1095 441 45

39 559 194 621 conamina
207 557 361 632 translato,
375 556 444 619 fecit
459 556 537 636 quod
557 557 687 637 primum
707 556 843 636 quodque
860 558 1029 620 facientibus
1044 576 1094 620 ac·
1109 579 1135 620 ιι

39 645 135 706 cidere
155 644 237 718 solet,
258 643 408 706 adsuetam
424 643 707 704 commentationum
721 644 994 723 logographicarum
1010 643 1096 704 indo-

39 730 97 791 lem
113 731 263 792 transtulit
281 728 360 791 adid
377 727 560 809 quodmodo
576 729 685 789 factum
700 735 770 802 erat,
785 747 920 790 rumores
942 729 1096 790 hominum

39 816 205 877 sciscitatus
221 821 280 889 est,
300 821 453 876 stemmata
467 821 552 893 atque
566 813 748 892 genealogias
765 814 960 893 procudebat,
975 815 1098 875 recentia

39 901 160 963 miscuit
174 901 311 979 antiquis.
343 899 399 961 Sed
415 898 451 960 ad
465 899 679 978 expositionem
694 899 771 960 illam
786 896 845 982 τῆς
860 918 1099 960 πεντακονταε-

39 981 124 1061 τίας,
141 1003 229 1066 quam
245 986 314 1047 dicit
325 984 517 1065 Thucydides,
532 985 637 1047 unicus
653 985 701 1064 qui
716 1003 750 1044 ex
763 993 867 1064 quarto
882 985 958 1046 libro
970 984 1098 1045 xttbidis

41 1071 148 1133 citatur
161 1072 244 1133 locus
258 1071 427 1132 referendus
443 1071 565 1145 videtur,
581 1089 627 1150 ap.
643 1069 786 1150 Marpocr.
801 1089 829 1131 r.
845 1062 967 1154 prao',
991 1064 1099 1144 τόπος

40 1149 75 1218 ἒν
96 1150 282 1239 Μεγάροις,
312 1147 356 1230 ὣς
377 1149 412 1217 ἐν
435 1149 468 1216 δ’
489 1152 547 1238 τῆς
568 1146 730 1229 Ἀτθίδος
756 1175 792 1240 φ.
813 1146 898 1217 Ἑλλ.
940 1156 1096 1234 charum,

39 1249 144 1321 portus
164 1241 307 1320 Megarici,
329 1241 467 1320 frequens
490 1242 600 1301 mentio
621 1240 708 1302 fiebat
727 1241 757 1300 in
778 1241 833 1301 illis
851 1241 1095 1321 expeditionibus,

39 1327 146 1407 quibus
161 1327 286 1388 Pericles
302 1326 414 1387 iuvenis
434 1326 599 1405 praefectus
619 1332 695 1398 erat3
721 1325 788 1386 inde
808 1327 886 1386 enim
907 1326 988 1386 etad
1009 1327 1096 1386 Pelo-

39 1430 208 1492 ponnesum
225 1407 528 1489 circumnavigandam
543 1410 693 1489 profectus
709 1417 754 1470 est
769 1411 838 1471 etin
850 1410 1033 1489 expeditione
1045 1410 1097 1470 ad-

39 1515 145 1558 versus
167 1497 336 1576 Sicyonios,
355 1515 381 1556 v.
399 1495 530 1574 Thucyd.
545 1495 571 1568 1,
597 1494 763 1568 103;107;
787 1497 860 1568 1113
883 1497 956 1568 1153
975 1495 1021 1568 lv,
1041 1495 1098 1569 213

41 1581 181 1643 Plutarch
195 1601 222 1642 v.
237 1580 339 1642 Pericl.
355 1599 380 1642 c.
398 1581 425 1640 i.
451 1579 556 1641 Verum
572 1579 665 1657 tetigit
678 1579 842 1641 Hellanicus
859 1580 946 1641 etiam
961 1579 1098 1641 inferiora

41 1673 176 1746 tempora
192 1667 348 1746 ipsumque
362 1665 469 1726 bellum
481 1664 775 1744 Peloponnesiacum.
807 1667 873 1739 Quo
887 1665 957 1726 iacit
972 1665 1049 1744 quod
1063 1665 1098 1726 de

41 1751 201 1813 Andocidis
217 1752 309 1831 stirpe
323 1750 476 1812 adhibetur
490 1769 536 1830 ap.
553 1750 699 1811 Plutarch.
716 1770 742 1810 v.
757 1749 847 1812 Aloib.
866 1770 890 1812 o.
906 1751 942 1810 21
967 1758 997 1811 et
1015 1750 1096 1811 Suid.

40 1855 65 1898 u.
81 1827 286 1921 Ἀνδοκίδης,
306 1836 356 1898 ubi
371 1855 463 1915 genus
484 1835 643 1897 Andocidis
659 1835 695 1897 ad
718 1836 926 1899 Telemachum
946 1844 975 1897 et
990 1837 1097 1897 Nausi-

42 1941 120 1984 caam
137 1930 299 1997 revocatur,
318 1929 348 1984 et
362 1941 409 2002 ap.
425 1921 500 1983 Plut.
516 1921 639 1982 Xoratt.
661 1920 691 1982 in
706 1922 858 1983 Andocide
873 1930 902 1983 et
921 1922 1007 1982 Phot.
1028 1921 1096 1982 bibl.

42 2027 69 2088 p.
87 2008 163 2082 795,
185 2008 224 2069 23
241 2008 400 2081 Hoeschel,
420 2007 469 2069 ubi
488 2007 565 2068 idem
586 2007 692 2068 dicitur
713 2006 831 2068 soboles
852 2007 995 2067 Mercurii.
1030 2007 1099 2066 Erat

41 2093 207 2155 Andocides
219 2113 253 2154 ex
265 2093 430 2173 Corymbus,
446 2093 495 2172 qui
507 2112 522 2153 a
532 2092 674 2154 Mercurio
688 2092 904 2166 derivabantur3
919 2110 1007 2170 quem
1019 2091 1097 2170 quod

39 2177 126 2240 simul
136 2178 286 2258 repetebat
297 2199 312 2240 a
325 2179 498 2239 Telemacho
512 2185 541 2238 et
552 2177 693 2239 Nausicaa
704 2180 764 2254 48),
777 2178 806 2239 id
820 2178 932 2239 videtur
944 2177 1098 2256 proprium

39 2263 356 2325 familiaehndocideae
368 2271 491 2324 stemma
503 2263 617 2324 fuisset
627 2265 664 2338 9).
689 2264 824 2325 Ceterum
833 2263 998 2323 Andocides
1011 2262 1097 2323 classi

41 2349 207 2428 praelectus
223 2356 269 2409 est
282 2368 308 2408 a.
325 2348 400 2422 432,
419 2350 545 2409 maxime
560 2347 695 2408 inclaruit
709 2348 738 2408 iu
754 2349 868 2408 actione
884 2348 919 2406 de
934 2348 1098 2407 Hermoco-

41 2432 120 2512 pidis
134 2452 160 2492 a.
175 2433 252 2506 415,
267 2450 342 2511 quae
357 2449 405 2492 res
421 2432 543 2491 omnino
558 2430 625 2490 talis
642 2439 717 2503 erat,
732 2450 819 2509 quam
835 2432 870 2492 ab
886 2432 1030 2490 Hellanico
1048 2450 1100 2491 su-

42 2516 214 2596 perstitiosa
232 2534 299 2576 cum
320 2515 464 2593 diligentia
483 2514 652 2594 explicatam
672 2515 763 2575 fuisse
784 2522 932 2593 putemus.
962 2515 1099 2593 Denique,

41 2602 122 2682 quod
139 2600 274 2662 ultimum
295 2601 403 2661 iactum
420 2600 456 2662 ab
473 2619 508 2661 eo
524 2606 719 2660 memoratum
741 2618 805 2661 esse
824 2599 947 2674 scimus,
969 2600 1101 2661 meminit

40 2688 129 2749 etiam
144 2704 259 2766 pugnae
273 2685 379 2748 navalis
394 2685 429 2746 ad
444 2685 605 2765 Arginusas
620 2704 645 2746 a.
661 2685 723 2746 406
744 2685 933 2760 commissae,
957 2704 1015 2764 quo
1032 2705 1098 2765 per-

40 2774 115 2834 tinet
134 2772 204 2832 Sch.
219 2771 308 2832 Arist.
323 2771 397 2832 Ran.
413 2791 439 2831 v.
456 2770 518 2832 706
532 2766 607 2845 τοδς
621 2765 948 2856 συνναυμαχήσαντας
964 2767 1099 2846 δούλους

44 2849 237 2931 Ἑλλάνικός
250 2873 353 2940 φησιν
363 2850 631 2958 ἐλπθερωδῆναι
643 2852 701 2917 καὶ
716 2851 934 2942 ἐγγραφέντας
948 2849 993 2959 aig
1004 2854 1098 2918 Πλα-

40 2942 148 3017 ταιεῖς
173 2935 480 3022 συμπολιτεύεσθαι
503 2940 614 3015 αυτοῖς
642 2936 785 3019 [διεξιών
805 2938 847 3004 rol
874 2937 935 3005 ἐπὶ
956 2937 1098 3024 Αντιχέ-
1202 2978 1206 2984 ψ
1238 3019 1247 3032 ¹

40 3047 117 3102 νους
134 3025 194 3090 τοῦ
207 3023 275 3110 πρδ
289 3019 460 3105 Καλλίουλ,
471 3027 511 3088 ’δε
523 3046 580 3106 quo
592 3027 659 3088 loco
672 3028 977 3090 dixeruntBoeclrhius
987 3029 1097 3089 Oecon.

40 3113 100 3175 Ciu.
115 3119 173 3174 nu.
188 3113 214 3188 1,
229 3131 258 3192 p.
274 3111 336 3174 282
354 3112 408 3190 [ed.
423 3113 503 3174 altor.
518 3112 539 3186 Ι,
560 3132 590 3193 p.
606 3112 677 3190 366]
694 3121 723 3174 et
737 3115 936 3176 llahlmannus
957 3114 988 3173 in
1002 3114 1098 3174 Hero·

40 3199 112 3260 doto
128 3217 158 3278 p.
176 3197 235 3259 123
253 3198 300 3275 [cf.
316 3197 414 3259 Schol.
428 3196 517 3258 Arist.
533 3199 605 3259 Rau.
623 3197 683 3259 720
703 3196 752 3281 τῷ
774 3193 924 3281 προτέρῳ
948 3190 1016 3260 ἔτει
1038 3192 1098 3260 ἐπὶ

39 3274 251 3364 Ἀντιγένους.
275 3273 392 3344 litlot
406 3279 515 3388 νικρῖ,
540 3279 652 3367 φησί,
675 3281 813 3366 χρυσοῦν
826 3278 975 3363 νόμισμα
990 3284 1099 3362 κοπῆ-

40 3388 107 3429 ναι.
128 3362 186 3429 καὶ
209 3361 390 3450 Φιλόχορος
412 3361 543 3447 ὁμοιως,
565 3364 604 3430 τδ
626 3362 663 3430 ἐκ
684 3365 751 3429 τῶν
764 3365 890 3451 χρυσῶν
904 3363 1025 3440 Νικῶν,
1048 3364 1099 3425 ubi

41 3471 111 3515 oum
127 3453 254 3514 Bentlcio
270 3453 423 3532 legendum
440 3445 666 3524 Ἑλλάνικός
685 3469 796 3535 φησι,
818 3453 854 3512 cf.
874 3452 1036 3528 fragmenta
1052 3449 1098 3509 hi-

39 3537 219 3601 storicorum
234 3557 416 3618 graecorum,
431 3539 476 3599 ed.
493 3537 596 3613 Paris,
611 3538 633 3610 1,
646 3555 676 3635 p.
694 3535 776 3610 403].

125 3624 229 3686 Restat
246 3624 329 3686 locus
351 3643 396 3704 ap.
417 3623 559 3703 Harpoor.
578 3639 607 3681 v.
628 3612 820 3681 ειλωτεύειν·
845 3615 976 3693 εἵλωτες
998 3611 1031 3682 οἳ
1052 3616 1097 3705 μή
1112 3654 1139 3694 2⁸

108 3793 151 3855 48)
164 3793 258 3844 Eodem
272 3797 371 3858 spectat
386 3791 451 3856 quod
468 3789 582 3841 servavit
597 3789 711 3842 Eustatb.
729 3790 760 3840 ad
778 3790 825 3840 0d.
843 3806 867 3856 p.
882 3788 955 3854 1796,
973 3790 1006 3840 42
1025 3786 1098 3861 Ἀρι-

40 3861 170 3927 στοτέλης
187 3859 218 3913 ἐν
232 3855 399 3924 Ἰθακησίων
416 3857 544 3924 πολιτείᾳ
560 3858 606 3908 καὶ
620 3854 776 3914 Ἑλλάνικος
793 3856 824 3909 δὲ
842 3854 1008 3927 Τηλέμαχόν
1025 3873 1098 3929 φασι

39 3924 209 3982 Ναυσικάαν
220 3928 309 3997 γῆμαι
321 3924 372 3994 τὴν
383 3921 525 3978 Ἀλκινόου
536 3926 582 3976 καὶ
593 3928 725 3994 γεννῆσαι
737 3923 785 3979 τὸν
794 3927 997 3996 Περσέπτολιν.

109 3997 152 4063 49)
166 3995 212 4061 [Cf.
224 3994 361 4048 Grotefend
371 3995 424 4047 Zur
434 3995 583 4047 Geschichte
595 3997 645 4046 und
655 3996 747 4060 Geogr.
758 4013 807 4049 von
818 3995 966 4048 Ait-italien
979 4012 1004 4062 p.
1014 3995 1055 4045 23.
1067 3995 1098 4045 F.

39 4066 123 4120 vater
133 4080 219 4117 rerum
230 4064 350 4118 Andocid.
360 4073 425 4132 part.
437 4063 456 4132 Ι,
468 4081 492 4132 p.
505 4064 521 4116 2
533 4065 581 4131 ια]
