2558 4530
447 332 560 384 Lesbio
577 335 742 384 historico.
1087 336 1115 385 31

204 493 365 587 ἀλλήλους
396 492 657 584 διαφυλάξαντες
683 490 767 577 δμοῦ
792 493 852 562 ἐπὶ
870 491 976 564 ’Ἰλιον
1002 495 1119 586 ἐστρά-

204 602 330 648 τευσαν.
354 573 375 668 ἦ
400 574 530 666 ἱστορία
551 580 645 668 παρά
663 575 848 667 Ἑλλανίκῳ.

162 672 277 746 Quibus
298 672 334 733 ad
361 670 474 749 singula
495 670 580 731 verba
606 670 731 732 succinit
755 669 952 750 Apollodorus
971 671 1018 742 ΙΙΙ,
1037 673 1118 744 Ι3,8

203 752 400 838 Πάτροκλος
423 747 441 816 ὁ
464 746 648 817 Μενοιτίου
671 748 705 817 ἒν
716 747 872 817 Ὀποῦντι
889 752 1073 833 διενεχθεὶς
1087 752 1120 819 ἐν

204 838 332 928 παιδιᾷ
357 833 435 922 περὶ
458 831 671 922 ἀστραγάλων
692 833 822 917 παίζων
851 837 961 903 παῖδα
983 836 1119 904 illecel-

205 947 304 1007 νομον
329 921 386 989 τδν
410 918 684 1011 Ἀμφιδάμαντος
711 917 896 988 άτιέκτεινε.
924 921 983 989 καί
1009 923 1121 1035 populu

205 1008 288 1092 μετά
313 1008 371 1074 τοῦ
391 1007 518 1096 πατρὸς
538 1007 634 1094 ιταρά
652 1007 759 1095 Πηλεῖ
772 1005 919 1094 κατῴκει
935 1006 992 1075 καὶ
1007 1010 1121 1092 Αχιλ-

205 1093 285 1173 teng
305 1091 466 1179 ἐρώμενος
487 1090 683 1178 plescum).

145 1181 274 1264 Denique
283 1184 361 1263 apud
371 1183 585 1263 Apollodorum
601 1181 699 1243 fabula
710 1182 802 1244 Attica
815 1183 957 1262 sequitur,
974 1183 1119 1263 exprimo

57 1265 135 1328 libro
149 1267 277 1331 Atthidis
293 1268 434 1330 Hellanici
452 1267 580 1330 fortasse
595 1286 750 1346 expressa:
770 1274 804 1328 ut
824 1269 897 1329 mihi
915 1268 1033 1348 quidem
1049 1286 1119 1348 per-

58 1370 180 1414 suasum
201 1357 253 1428 sit,
278 1353 461 1416 Hellanicum
483 1353 672 1434 praecipuum
693 1352 863 1432 Apollodori
888 1354 1000 1414 fontem
1025 1354 1119 1416 brisso

58 1456 186 1518 eumque
199 1438 390 1501 bibliothecae
405 1457 475 1499 suae
491 1438 574 1517 quasi
589 1438 715 1498 stamina
729 1456 763 1497 ex
785 1439 1003 1499 commentariis
1018 1439 1119 1500 Nostri

59 1523 188 1597 duxisse,
204 1524 310 1603 quibus
325 1530 439 1602 postea,
456 1542 530 1603 quae
546 1541 580 1583 ex
595 1521 657 1583 aliis
673 1521 841 1583 auctoribus
857 1524 1021 1595 attinerent,
1043 1525 1119 1584 anti-

60 1608 213 1687 quioribus
228 1609 449 1682 recentioribus,
465 1607 678 1682 interseruerim
699 1615 801 1668 contra
822 1625 909 1687 quam
930 1608 1040 1687 Heynio
1061 1627 1119 1688 po·

59 1693 209 1755 tissimum
226 1702 344 1756 auctore
358 1693 456 1755 doceri
471 1694 558 1768 solet,
578 1692 783 1754 bibliothecam
803 1693 974 1772 Apollodori
993 1696 1119 1756 maxime

59 1797 95 1840 ex
109 1779 274 1861 Pherecyde
288 1780 417 1854 fluxisse,
432 1797 520 1859 quem
535 1797 660 1859 prorsus
675 1778 731 1840 alia
744 1777 789 1840 via
804 1786 890 1859 atque
905 1779 1118 1859 Apollodorum

57 1863 169 1926 fabulas
184 1882 319 1928 narrasse
334 1865 547 1927 demonstravit
560 1864 703 1927 Matthiae.
739 1864 807 1925 Scio
829 1865 1026 1945 Pherecydem
1048 1883 1120 1946 per-

57 1969 147 2031 saepe
162 1951 241 2013 citari
257 1952 336 2032 apud
351 1951 564 2031 Apollodorum
579 1957 608 2011 et
623 1949 740 2030 saepius
755 1949 918 2024 llellanic03
939 1952 990 2011 sed
1005 1951 1074 2012 facit
1089 1950 1118 2012 id

54 2035 155 2115 ipsum
168 2037 203 2098 ad
215 2057 312 2099 meam
324 2037 509 2098 sententiam.
532 2035 631 2098 Tacite
643 2035 775 2115 sequitur
785 2034 974 2108 Hellanicum,
987 2042 1021 2095 ut
1032 2054 1119 2115 quiem

57 2121 162 2183 ducem
181 2123 354 2203 primarium
382 2122 437 2184 sibi
460 2122 681 2202 proposuisset3
703 2119 837 2182 nominat
857 2120 1053 2200 Pherecydem
1068 2120 1118 2182 ubi

57 2207 129 2268 alter
145 2208 180 2269 ab
196 2208 284 2270 altero
301 2208 494 2287 discrepabat,
510 2207 702 2286 similiterque
716 2205 784 2267 fecit
798 2206 828 2267 in
844 2206 980 2267 Acusilao
997 2205 1119 2267 ceteris-

57 2311 115 2372 que
130 2311 255 2371 quorum
270 2292 439 2355 testimonia
453 2293 564 2371 passim
580 2292 684 2353 adiecit
697 2291 901 2371 scriptoribus

145 2377 205 2438 lam
224 2385 257 2439 ut
271 2378 383 2455 singula
398 2396 557 2456 persequar
573 2377 645 2437 duce
660 2376 849 2454 Apollodoro,
872 2376 999 2454 origines
1014 2376 1117 2438 mundi
1132 2396 1156 2434 11

58 2460 241 2540 deorumque
253 2471 334 2524 satus
346 2468 433 2539 atque
445 2479 550 2537 genera
558 2478 631 2520 num
639 2460 803 2520 Hellanicus
813 2461 951 2539 peculiari
960 2461 1118 2539 scriptione

58 2546 231 2625 exposuerit
240 2544 318 2607 haud
329 2546 426 2624 liquet.
447 2545 587 2606 Retulerit
598 2544 701 2623 aliquis
712 2544 748 2604 ad
760 2544 815 2604 tale
826 2552 1029 2622 argumentum
1040 2545 1118 2623 quod

56 2631 195 2692 laudatur
212 2631 290 2711 apud
310 2631 492 2708 Fulgentium
512 2629 630 2710 llytbul.
646 2629 667 2702 l,
684 2629 703 2689 2
720 2647 749 2707 p.
767 2627 807 2689 36
821 2629 975 2690 Munclrer:
996 2629 1118 2702 „Theo-

54 2736 187 2797 pompus
208 2717 237 2778 in
263 2716 403 2797 Cypriaco
423 2715 551 2776 carmine
570 2722 599 2775 et
616 2715 780 2775 Hellanicus
801 2713 832 2775 in
852 2714 921 2776 llios
943 2716 1116 2796 polytycbia,

56 2820 146 2881 quam
161 2802 330 2882 descripsit,
351 2801 391 2863 ait
409 2801 551 2863 lunonem
572 2799 607 2861 ab
627 2801 696 2861 love
710 2800 834 2861 vinctam
855 2801 962 2863 catenis
977 2802 1073 2863 aureis
1089 2810 1118 2863 et

56 2888 241 2967 degravatum
262 2887 417 2950 incudibus
437 2886 568 2961 ferreis“,
593 2905 667 2966 quae
691 2905 739 2947 res
760 2886 795 2948 ab
815 2887 993 2966 Apollodoro
1010 2888 1033 2960 Ι,
1050 2887 1079 2960 3,
1096 2888 1115 2947 5

56 2973 86 3035 in
102 2973 287 3053 theogonicis
307 2979 457 3046 narratum
477 2973 576 3034 titulus
593 2991 661 3033 voro
683 2972 729 3033 ille
749 2966 835 3047 Διὸς
856 2964 1038 3050 πολοτυχία
1058 2972 1116 3032 mi-

57 3077 123 3120 sere
139 3066 295 3139 corruptus
311 3061 423 3136 est1t).
454 3057 511 3119 Sed
527 3058 629 3119 eudem
644 3058 770 3120 fortasse
786 3076 874 3136 opere
890 3057 1117 3121 continebantur

127 3245 166 3309 15)
182 3243 227 3309 [Cf.
241 3244 357 3296 Strabon.
370 3243 416 3309 lX,
429 3244 452 3309 4,
468 3259 492 3310 p.
505 3243 563 3308 288,
581 3243 665 3295 Schol.
682 3244 712 3295 ll.
726 3261 762 3306 n,
782 3244 814 3295 14
826 3251 853 3296 ct
868 3244 989 3296 bleinekii
1001 3246 1115 3295 analecta

56 3313 219 3364 alexandrine
232 3331 256 3380 p.
269 3313 317 3363 217
331 3315 377 3379 sip]

128 3380 166 3444 lb)
180 3381 287 3434 Vossius
300 3381 395 3432 Histor.
408 3380 453 3432 Gr.
466 3397 490 3446 p.
503 3380 532 3430 31
553 3381 583 3431 cd
598 3380 737 3431 Westerm.
756 3382 822 3430 coni.
838 3381 991 3431 πολυτοκία
1003 3381 1045 3429 vel
1063 3397 1115 3429 πο-

57 3448 192 3500 λυτεκνία.
217 3449 334 3500 Sturzius
347 3449 444 3500 dubitut
456 3465 513 3499 num
525 3449 653 3512 vulgatam
667 3454 752 3498 teneat
763 3463 793 3496 an
807 3450 922 3497 emendet
935 3449 1115 3514 πολυπτυχία

56 3523 103 3581 ,ut
115 3517 245 3584 multiplex
258 3534 288 3568 ac
300 3525 440 3568 tortuosum
454 3517 521 3567 lovis
533 3517 658 3579 ingenium
671 3516 768 3565 dicutur
780 3514 810 3563 ab
821 3515 950 3564 Hellanico
963 3515 1115 3581 descriptum

55 3555 162 3648 lhisse‘ss
175 3588 239 3651 quod
251 3593 356 3636 veretur
368 3585 578 3636 Westcrmannus
591 3590 619 3632 ut
631 3583 706 3631 alicui
716 3581 869 3647 probaverit.
891 3582 971 3646 lllagis
984 3584 1058 3634 eliam
1071 3600 1115 3634 ur-

55 3653 176 3704 cessitum
189 3655 252 3719 quod
265 3654 422 3716 excogitavit
434 3653 575 3702 Crcuzcrns
589 3649 675 3716 Symb.
687 3649 705 3699 l.
719 3666 743 3714 p.
755 3649 786 3699 36
799 3651 838 3700 ed.
849 3649 903 3713 3ae,
916 3651 1047 3714 legendum
1057 3669 1115 3702 esse

55 3721 249 3790 πολυπταχίαι
261 3717 370 3789 πτυχάς
379 3737 441 3771 vero
453 3736 509 3770 esse
520 3719 680 3786 Olympiscbc
689 3718 779 3768 Rollcn
792 3735 840 3769 von
852 3720 896 3769 der
906 3720 971 3770 llaut
980 3720 1026 3769 der
1035 3721 1113 3784 Ziege

54 3789 194 3841 Amalthea.
206 3818 241 3827 -
254 3789 317 3840 Was
330 3790 399 3839 dicse
409 3788 499 3838 llollen
512 3789 535 3838 in
548 3790 619 3837 ihren
631 3787 714 3838 vielen
724 3786 814 3837 Falten
827 3789 954 3838 cnthalten
964 3815 998 3824 -
1008 3789 1052 3840 dus
1063 3789 1114 3840 Ge·

54 3865 111 3909 seta
123 3859 170 3908 der
180 3858 263 3909 Nutur
274 3858 324 3907 und
337 3858 382 3907 des
395 3855 506 3919 Geistes,
523 3857 567 3906 dus
579 3858 614 3906 ist
626 3851 696 3912 Διὸς
709 3855 887 3923 πολυπιυχία
902 3857 952 3906 und
965 3857 1113 3908 wunderba-

55 3940 100 3977 ren
117 3925 156 3977 cit
176 3923 357 3977 r'dthselbaften
373 3923 478 3975 lnhalts.
511 3923 579 3989 Quae
594 3922 676 3975 fatcor
696 3924 859 3974 ultraneum
875 3926 1031 3976 intellectum
1049 3942 1113 3989 esse,
