2558 4530
563 1143 636 1204 vn.

165 1286 220 1366 llE
245 1283 306 1367 llll
333 1285 459 1367 situl
484 1283 700 1365 EhllllSlNlll
726 1283 962 1367 lllSPllTlTlll
988 1286 1029 1394 ll·

67 1491 157 1552 (ludex
170 1493 311 1541 scholarum
326 1492 349 1541 in
364 1493 531 1541 universitate
543 1491 670 1541 litteraria
685 1489 809 1541 Caesarea
823 1492 974 1558 Dorpatcnsi
988 1511 1034 1560 per
1045 1510 1127 1546 senic-

69 1566 123 1609 stre
136 1559 243 1609 alterum
256 1560 315 1608 anni
329 1558 496 1609 dccccxci
510 1559 684 1608 habendarum.
707 1559 819 1625 Dorpnti,
832 1576 865 1610 ex
875 1558 973 1611 officina
986 1564 1126 1614 academica

390 1625 409 1676 l.
425 1627 452 1677 C.
465 1627 630 1677 Schiinmanni
642 1626 740 1677 viduae.
759 1629 810 1691 4⁰).

495 1767 695 1775 -φ-ἰ--α

156 1859 224 1938 liae
235 1876 398 1939 Eleusiniae
408 1888 598 1941 monumenta
612 1899 678 1940 cum
691 1879 851 1940 novissimo
864 1879 951 1939 indici
963 1880 1124 1959 proludens
1138 1899 1151 1937 s

65 1980 159 2040 usque
171 1962 206 2022 ad
218 1971 337 2041 pontem
350 1962 484 2043 Cephissi
497 1965 684 2026 Atheniensis
697 1972 868 2044 persecutus
881 1964 948 2036 sim,
960 1982 1040 2024 nunc
1051 1982 1125 2041 quae

64 2047 175 2125 reliqua
195 2055 264 2107 sunt
285 2048 445 2109 illustrabo.
481 2050 556 2110 Silva
576 2050 636 2122 illa,
659 2050 695 2109 de
715 2067 770 2128 qua
786 2049 896 2109 dictum
914 2055 972 2119 est,
995 2048 1124 2108 olearum

64 2131 149 2191 etiarn
171 2132 205 2191 ad
228 2133 394 2193 ulteriorem
410 2134 504 2212 ripam
520 2135 657 2214 pertinet,
680 2134 775 2194 donec
790 2134 922 2194 veniatur
936 2133 970 2193 ad
988 2131 1123 2193 sacellum

65 2216 95 2276 S.
112 2216 228 2294 Georgii
240 2221 283 2293 1),
303 2218 383 2278 unde
398 2219 506 2295 apertis
522 2220 656 2298 antiquae
670 2218 732 2279 viae
746 2218 876 2296 vestigiis
891 2236 944 2297 per
958 2218 1022 2278 loca
1037 2217 1124 2278 steri·

62 2301 135 2361 liora
145 2303 174 2376 2)
185 2302 365 2403 proceditur.
388 2302 549 2362 Pausanias
565 2309 702 2380 superato
715 2309 805 2380 ponte
816 2321 893 2362 aram
907 2308 1033 2362 veterem
1046 2301 1123 2363 lovis

62 2382 231 2464 μειλιχιου
254 2394 368 2445 exstare
388 2393 501 2457 narrat,
523 2387 557 2447 ad
580 2404 667 2464 quam
688 2386 823 2445 Theseus
839 2404 855 2444 a
870 2385 982 2464 Phytali
997 2386 1123 2465 posteris

64 2471 100 2529 dc
113 2469 200 2529 caede
214 2468 292 2529 Sinis
308 2469 362 2528 sihi
372 2469 530 2548 propinqui
541 2477 682 2547 purgatus
695 2488 761 2528 esse
770 2468 889 2528 dicatur.
905 2470 1015 2529 lhidem
1025 2470 1124 2547 sepul-

64 2572 114 2615 cra
131 2552 305 2613 Theodectis
319 2553 478 2614 Phaselitae
492 2561 521 2614 et
531 2553 692 2626 Mnesithei‚
708 2553 813 2614 medici
829 2553 897 2612 olim
912 2553 1029 2626 famosi,
1044 2553 1124 2613 inve-

61 2639 133 2711 niri3
161 2637 299 2716 deinceps
326 2639 428 2698 aedem
454 2657 514 2699 non
538 2657 672 2718 magnam
698 2638 734 2698 ad
754 2639 828 2698 viam
848 2637 1027 2699 aedificatam
1047 2656 1123 2712 esse,

62 2722 210 2803 Cyamitae
236 2723 411 2794 dedicatam,
439 2743 497 2802 quo
515 2725 639 2785 ,nomine
661 2723 775 2784 dubitat
793 2730 892 2784 utrum
914 2723 1064 2784 hominem
1086 2742 1123 2785 an

61 2809 183 2868 heroem
204 2808 381 2886 appellatum
401 2808 494 2869 fuisse
514 2817 636 2870 censeat.
671 2809 743 2870 llam
758 2809 857 2869 aedem
873 2809 998 2870 Lealrius
1015 2809 1122 2869 ibidem

62 2894 148 2954 sitam
165 2893 257 2954 fuisse
272 2893 426 2966 existimat,
442 2894 491 2954 ubi
505 2914 583 2956 nunc
594 2894 793 2973 conspiciatur
805 2895 941 2955 sacellum
955 2895 984 2955 S.
998 2893 1123 2973 Georgii,

61 2986 95 3039 ut
110 2986 204 3039 cetera
221 2985 410 3039 monumenta
426 2981 501 3040 intra
517 2980 616 3042 silvam
634 2980 797 3058 quaerenda
813 2979 880 3039 sint.
911 2979 1077 3084 Phptalidas
1093 2978 1122 3037 in

61 3071 205 3142 promptu
220 3071 266 3123 est
279 3064 362 3141 quasi
375 3065 494 3125 Satores
510 3064 605 3126 dictos
621 3084 686 3125 esse
701 3056 846 3126 ἀπὸτοῦ
861 3083 1022 3146 moreccia.
1045 3061 1122 3136 Quid
1140 3083 1154 3123 r

61 3147 254 3227 plantaverint
272 3149 297 3208 si
314 3168 451 3227 quaeras,
471 3158 620 3211 memento
636 3151 709 3210 ficus
726 3168 835 3220 sacrae,
852 3168 868 3207 a
883 3148 987 3209 Cerere
1002 3146 1123 3227 Phytalo

61 3233 173 3312 hospiti
194 3234 333 3306 donatam
358 3253 445 3313 quam
469 3234 606 3295 arborem
630 3253 696 3294 cum
719 3240 834 3294 constet
853 3233 1000 3292 lustralem
1020 3232 1123 3299 fuisse,

64 3318 151 3378 simul
166 3318 202 3378 de
215 3318 319 3378 februo
336 3337 350 3378 a
367 3318 525 3398 Phytalidis
549 3319 679 3381 adhibito
696 3327 827 3397 apertum
843 3315 936 3391 estssl.
967 3315 1001 3374 ln
1017 3313 1124 3373 Thesei

64 3410 160 3464 autem
181 3402 276 3463 fabula
297 3402 366 3463 illud
387 3403 515 3463 notabile
535 3412 591 3475 est,
614 3403 692 3481 quod
714 3402 745 3461 in
760 3400 897 3460 ulteriore
913 3398 1046 3476 Cephissi
1061 3398 1123 3476 ripa

132 3571 156 3633 1)
176 3572 217 3621 Sic
229 3570 347 3620 Leukius.
372 3569 423 3619 Alii
436 3570 555 3619 sacellum
568 3568 696 3633 appellant
708 3567 734 3616 S'.
747 3566 833 3616 Blasii.
858 3564 895 3614 De
908 3565 973 3613 omni
986 3565 1066 3615 silvne
1079 3581 1124 3615 ex·

61 3639 177 3690 tensione
196 3641 276 3704 deque
293 3636 410 3686 arborum
427 3645 517 3688 nutura
536 3644 610 3701 atque
622 3642 749 3685 vestutate
762 3651 786 3683 v.
801 3639 866 3684 text.
880 3633 980 3698 Antiqq.
993 3633 1045 3683 Att.
1057 3633 1123 3682 ined.

61 3723 85 3772 p·
99 3708 113 3756 7
127 3708 292 3837 lllllllllll·
307 3775 357 3824 Hat
369 3788 424 3821 man
437 3773 484 3821 den
498 3771 680 3834 immergriincn
694 3770 851 3820 Olivenwnld
864 3769 1074 3836 durchsehritten,
1094 3785 1123 3819 so

61 3844 126 3892 wird
144 3844 184 3892 die
202 3841 304 3905 Gegend
323 3842 382 3891 hahl
397 3841 446 3891 und
464 3856 511 3889 nur
528 3840 625 3889 Disteln
642 3840 757 3888 wachsen
774 3839 815 3888 hin
831 3839 880 3887 und
899 3839 993 3888 wieder
1009 3838 1054 3888 nul
1068 3841 1122 3887 dem

63 3911 156 3960 diirren
169 3911 293 3972 steinigen
307 3912 399 3961 Boden.

90 4022 95 4028 .
131 3978 156 4042 3)
176 3978 207 4028 V.
221 3978 283 4028 Loh.
296 3979 353 4043 Agl.
367 3994 390 4042 p.
405 3976 467 4039 7033
481 3976 584 4027 Bonsler
596 3977 626 4025 de
639 3982 719 4039 gentt.
732 3973 824 4025 etlam.
835 3973 889 4026 htt.
900 3977 996 4026 sacerd.
1007 3991 1031 4041 p.
1041 3972 1071 4022 51
1084 3987 1121 4036 sq.
