2558 4530
367 394 425 448 des
444 393 632 448 romischen
652 393 815 462 Capitols.
1068 395 1120 449 511

59 565 99 600 am
112 550 258 599 nh'rdliehen
271 550 389 613 Abhange
403 551 447 599 des
460 550 571 615 Capitols
584 551 621 599 bis
634 567 666 599 zu
678 552 733 600 dam
747 550 834 600 Platze
846 565 895 598 von
908 550 1010 600 Araaeli
1023 553 1120 616 bimos,

60 620 84 667 in
99 619 145 667 der
158 616 269 680 Gegand‚
283 633 322 666 wo
335 619 375 666 die
388 616 480 668 Iiirehe
493 619 531 668 st.
545 617 675 668 Venanzio
689 620 769 681 steht,
783 618 894 666 ehemals
906 617 944 667 St.
959 618 1083 669 Giovanni
1096 621 1120 669 in

61 687 174 736 Mereato
188 687 250 734 oder
261 687 286 734 in
299 685 456 736 Meroatello.

443 821 563 873 Dritte
587 820 736 887 Beilage.

129 926 183 975 llen
200 942 296 989 ganzen
314 927 445 975 Absohnitt
461 928 506 975 der
522 926 665 976 Mirabilien
681 926 744 975 iiber
762 927 805 976 das
824 925 922 991 Capitol
945 929 1171 990 herzusetzeo,1ta

35 998 40 1006 '
59 994 126 1044 kann
139 995 221 1043 nichts
233 992 325 1056 hellen,
339 995 369 1043 da
383 1010 411 1042 er
423 994 475 1043 voll
488 1010 537 1043 von
551 993 645 1045 Unsinn
659 995 705 1056 ist,
717 1011 738 1043 s.
752 995 850 1043 ssunsen
863 996 887 1043 in
902 996 947 1043 der
959 989 1061 1044 Besehr.
1075 997 1121 1044 der

59 1063 134 1111 stadt
146 1061 207 1111 Rom
218 1060 293 1125 111‚2,
305 1060 384 1113 127ff.
409 1060 464 1111 Von
477 1063 536 1111 dort
547 1063 684 1126 gelegenen
698 1061 817 1126 Tempeln
832 1062 909 1113 heiist
922 1078 962 1111 es:
981 1060 1007 1110 In
1021 1065 1121 1112 summi-

58 1137 112 1180 tate
125 1131 192 1179 areis
205 1146 282 1195 super
298 1130 421 1194 porticum
433 1131 559 1180 crinorum
577 1127 589 1178 f
593 1132 640 1180 uit
652 1130 770 1194 templum
782 1129 849 1180 Iovis
867 1139 893 1180 et
906 1131 1036 1193 Monetae,
1055 1133 1122 1180 sicut

58 1199 188 1263 reperitur
201 1199 225 1246 in
238 1199 420 1263 martyrologio
434 1197 517 1248 Ovidii
530 1199 561 1246 da
574 1198 689 1260 Faustin,
704 1205 767 1247 statt
778 1198 889 1248 welches
902 1198 995 1248 Worte
1008 1200 1063 1247 eine
1076 1214 1120 1247 an·

58 1267 120 1316 dere
130 1263 291 1315 Ilandsohrilt
305 1270 357 1314 hat:
371 1267 454 1330 inquo
467 1273 523 1314 erat
533 1281 610 1315 aurea
623 1272 707 1314 statua
716 1264 783 1314 Iovis
797 1267 887 1316 sedens
898 1268 922 1315 in
934 1281 1011 1315 aureo
1022 1267 1120 1315 throno.

58 1334 130 1383 Dann
148 1331 223 1396 lolgt:
241 1333 267 1383 ln
285 1340 381 1397 partem
398 1331 447 1382 lori
461 1334 579 1399 templum
592 1332 687 1382 Vestae
700 1339 727 1381 et
739 1333 864 1383 Caesaris.
889 1334 924 1383 Ibi
942 1333 989 1383 luit
1001 1335 1119 1383 cathedra

57 1401 204 1467 pontificum
216 1417 381 1466 paganorum,
395 1401 437 1450 nbi
450 1409 582 1451 senatores
595 1407 734 1465 posuerunt
745 1400 832 1450 Iulium
846 1401 979 1452 Caesarem
993 1408 1067 1450 sexto
1080 1402 1119 1450 die

58 1467 124 1519 inira
135 1485 245 1519 mensem
259 1469 376 1518 Martium
394 1470 452 1532 (das
464 1469 494 1518 Τ.
508 1468 603 1519 Vestae
618 1484 657 1518 am
670 1469 766 1518 Palatio
784 1470 834 1518 und
851 1471 890 1519 die
902 1471 985 1519 Aedes
999 1468 1027 1518 D.
1040 1467 1119 1532 Iulii).

58 1538 99 1587 Ex
117 1537 167 1586 alia
183 1544 255 1602 parte
272 1536 390 1602 Capitolii
407 1552 484 1602 super
500 1537 652 1602 Canaparam
671 1537 789 1602 templum
804 1535 914 1586 lunonis.
948 1535 1022 1585 quta
1038 1533 1119 1586 forum

57 1604 183 1670 publicum
198 1607 241 1668 (er
252 1605 330 1654 meint
342 1606 386 1654 das
399 1604 458 1654 For.
472 1606 599 1667 boarium)
613 1605 732 1670 templum
744 1605 869 1654 Ilerenlis.
893 1604 920 1654 ln
933 1603 1041 1669 Tarpeio
1056 1611 1120 1653 tern-

58 1674 128 1738 plum
140 1674 246 1739 asylum,
260 1673 301 1722 ubi
315 1670 464 1722 interfectus
477 1671 525 1722 luit
535 1671 613 1722 Iulius
627 1673 721 1722 Caesar
732 1689 747 1722 a
760 1680 858 1722 senatu.
882 1671 909 1721 In
923 1673 987 1733 loeo,
1001 1672 1042 1720 uhi
1055 1688 1120 1720 nune

58 1749 98 1791 est
114 1748 146 1790 st.
159 1741 240 1791 Maria
254 1741 371 1803 (niimlioh
383 1740 501 1804 Araceli)‚
515 1737 586 1790 fuere
600 1741 648 1789 dno
662 1742 754 1806 templa
767 1742 840 1790 simul
853 1743 938 1790 iuncta
948 1756 1003 1790 eum
1013 1739 1119 1800 Palatio,

57 1808 152 1858 Phoebi
165 1816 192 1858 et
201 1809 348 1869 Carmentis,
361 1809 403 1857 uhi
414 1808 568 1858 Octavianus
578 1810 716 1874 imperator
725 1810 786 1859 visit
796 1810 914 1858 visionem
925 1810 949 1858 in
960 1808 1038 1871 caelo,
1052 1823 1120 1856 wor-

57 1874 103 1926 anf
112 1878 137 1926 in
150 1878 248 1940 einigen
261 1876 323 1926 Mss.
336 1878 375 1925 die
388 1877 505 1940 Legenda
518 1893 567 1925 von
579 1878 682 1926 Araceli
694 1874 766 1940 lolgt.
791 1876 863 1927 quta
877 1877 1044 1927 camellariam
1057 1883 1120 1924 tem-

57 1945 125 2010 plum
138 1944 196 2008 Iani,
210 1946 251 2010 qni
264 1952 320 1994 erat
333 1952 419 1994 eustos
433 1944 551 2010 Capitolii
562 1961 588 1993 u.
602 1960 623 1994 s.
637 1960 668 1992 w¹

446 2080 563 2132 Vierte
582 2078 731 2145 Beilage.

126 2181 168 2230 leh
186 2182 247 2230 habe
264 2183 350 2230 diesen
362 2182 509 2248 Anonymns
526 2186 549 2231 in
568 2185 631 2232 zwei
648 2181 842 2233 Handsehriften
860 2183 976 2245 gelmon,
995 2183 1019 2230 in
1037 2182 1118 2232 einem

58 2249 119 2299 Cod.
133 2247 258 2308 Venetus,
271 2249 383 2313 Append.
396 2250 470 2299 catal.
484 2265 543 2299 mss.
558 2249 639 2299 Latin.
654 2252 685 2300 ol.
698 2251 732 2312 Χ,
747 2253 800 2300 cod.
814 2249 956 2312 CCXXXI,
970 2251 1079 2300 chartae.
1093 2249 1117 2312 8,

58 2332 125 2366 saee.
138 2314 197 2372 XV,
209 2316 259 2364 und
272 2332 303 2365 zu
316 2316 426 2366 Florenz
440 2317 463 2364 in
477 2317 558 2366 einem
570 2316 629 2365 cod.
644 2316 887 2378 Magliabeoohianns
900 2319 930 2368 ol.
944 2317 1063 2379 XXVIII,
1076 2317 1118 2382 53,

57 2383 168 2446 membr„
182 2399 249 2433 saec.
262 2383 320 2434 XV.
354 2383 407 2433 Aua
430 2385 500 2432 einer
521 2384 720 2446 gelegentliohen
738 2384 814 2434 Notiz
835 2386 898 2433 iiber
916 2387 962 2434 deu
980 2385 1057 2451 Papst
1074 2387 1117 2434 Jo-

57 2454 122 2502 hann
131 2450 226 2501 XXIII.
239 2448 297 2500 darf
303 2467 358 2500 man
369 2451 512 2513 schlielsen,
525 2451 580 2500 dass
593 2452 639 2499 der
648 2449 688 2500 Vl.
700 2452 769 2500 seine
779 2452 967 2513 Bemerliungen
978 2453 1008 2500 im
1018 2455 1040 2502 d.
1053 2453 1118 2502 1409

57 2520 255 2570 niedersobrieb.
289 2519 327 2568 Zu
345 2518 447 2569 Grande
464 2520 546 2582 liegen
565 2519 604 2566 die
621 2517 748 2581 [legionen
766 2519 816 2566 nod
832 2519 871 2566 die
889 2518 1040 2568 Mirahiiien.
1073 2520 1118 2570 Dia

56 2589 180 2638 Latinitia't
193 2589 226 2637 ist
238 2588 395 2637 absoheulioh
413 2588 462 2635 und
475 2589 519 2636 das
532 2585 623 2636 Meiste
641 2587 700 2634 sehr
712 2585 812 2646 albero,
829 2586 892 2634 doeh
909 2581 973 2634 liinft
989 2585 1119 2635 bisweilen

57 2659 113 2706 eine
130 2664 188 2719 gnte
201 2654 338 2705 Naobrioht
354 2656 418 2704 iiber
429 2655 469 2703 die
487 2654 664 2718 gleichzeitige
678 2653 877 2702 Besebalienheit
889 2654 935 2702 der
947 2652 1044 2701 liuinen
1058 2654 1120 2702 oder

56 2739 102 2773 ans
120 2725 165 2772 der
183 2724 322 2786 damaligen
336 2722 466 2772 Tradition
484 2724 530 2771 mit
547 2728 634 2782 anter,
651 2721 701 2770 und
718 2722 784 2770 kann
798 2722 883 2770 dieser
901 2721 986 2769 bisher
998 2736 1061 2784 ganz
1075 2737 1120 2769 nn-

57 2791 188 2840 beaehtete
201 2791 347 2857 Anonymus
366 2792 429 2839 dazu
448 2791 549 2852 dienen,
566 2791 605 2837 die
619 2789 704 2838 Liieke
721 2790 745 2837 in
759 2789 805 2837 der
818 2788 968 2839 Gesehichte
982 2790 1027 2838 der
1045 2789 1120 2837 rdini-

56 2860 133 2908 sehen
146 2857 321 2923 Topographie
339 2860 465 2908 zwisehen
484 2859 530 2907 den
545 2857 685 2906 Mirabilien
703 2857 753 2905 und
770 2857 817 2906 den
836 2855 968 2920 Aniangen
985 2859 1031 2906 der
1047 2856 1120 2906 kriti-

56 2927 132 2975 aoben
143 2926 290 2989 Forsobnng
299 2927 377 2976 dnreh
388 2926 481 2988 Poggio
492 2926 542 2975 und
552 2925 655 2975 Flavius
666 2925 775 2974 Blandus
784 2924 953 2975 ausznliillen.
973 2925 1035 2974 Ilier
1044 2924 1120 2974 beiist

56 3009 83 3043 es
97 3010 121 3042 n.
136 3009 175 3044 a:
195 2993 222 3043 In
240 2995 381 3045 summitate
394 2997 461 3044 arcis
473 3010 487 3043 a
501 2995 581 3044 latere
598 2993 710 3058 porticus
723 2994 850 3042 crinorum
863 2991 910 3042 luit
922 2993 1040 3058 templum
1052 2992 1119 3042 Iovis

56 3062 142 3126 optimi
154 3062 253 3111 maximi
266 3062 283 3110 i.
297 3078 320 3112 a.
333 3077 408 3128 snpra
420 3070 515 3112 cortem
528 3063 642 3110 dominae
653 3060 771 3110 Mitrinae
786 3062 849 3123 (eod.
860 3060 978 3123 Magliab.
991 3061 1118 3125 mimae),

56 3130 121 3194 qnod
134 3130 214 3178 adhue
227 3130 289 3179 satis
303 3132 332 3179 de
346 3146 376 3180 eo
389 3138 505 3196 apparet,
518 3137 544 3179 et
556 3130 675 3178 introitus
689 3136 797 3178 vocatur
810 3129 929 3177 Salvator
941 3130 965 3176 in
978 3129 1118 3178 maximinis

56 3198 94 3258 (so
108 3197 184 3245 heilst
196 3197 265 3246 diese
278 3196 370 3247 Iiirche
384 3199 438 3247 hier
450 3199 589 3259 meistens).
615 3196 772 3245 Weiterhin:
790 3194 816 3244 In
831 3196 880 3244 alia
898 3202 970 3260 parte
983 3197 1048 3244 areis
1061 3211 1120 3244 ver-

56 3279 99 3314 sus
117 3264 270 3328 Canaparam
286 3262 333 3313 luit
349 3265 467 3330 templum
484 3265 551 3315 lovis
569 3272 595 3314 et
611 3265 723 3329 porticus
741 3263 817 3312 lovis.
853 3262 924 3312 Danu
943 3263 1048 3310 wieder:
1071 3262 1118 3312 Ubi

55 3349 121 3381 nune
134 3334 226 3382 dieitur
239 3340 271 3381 st.
285 3332 365 3382 Maria
379 3333 409 3381 de
422 3334 535 3397 portion,
549 3333 583 3381 ihi
596 3347 671 3397 snpra
684 3332 715 3380 ad
728 3331 860 3380 eeclesiam
874 3330 1014 3378 Salvatoris
1027 3329 1051 3377 in
1064 3344 1119 3377 ma-

54 3400 129 3449 ximis
141 3398 189 3449 luit
201 3400 319 3449 introitus
331 3400 443 3464 portIous
455 3399 536 3462 lovis,
554 3399 595 3448 ubi
608 3408 636 3448 ut
648 3400 741 3448 dieitur
752 3395 801 3447 luit
813 3399 931 3463 pergula,
949 3413 1011 3462 quae
1024 3396 1118 3461 produ-

56 3467 130 3516 cebat
146 3484 209 3517 uvas
225 3483 316 3517 aureas
334 3474 360 3516 et
376 3469 424 3515 trIa
443 3468 547 3516 mirifica
566 3475 721 3528 ornamenta,
740 3481 803 3530 qnae
821 3466 864 3515 vix
882 3465 994 3514 seribere
1011 3480 1120 3529 possem.

55 3533 110 3586 Und
124 3538 185 3584 noch
200 3536 303 3599 einmal,
321 3536 345 3583 in
360 3534 503 3584 demselhen
517 3535 759 3599 Zusammenhange‚
775 3549 814 3582 wo
828 3535 867 3582 die
881 3533 1021 3582 Mirabilien
1036 3534 1065 3593 (s.
1078 3533 1118 3581 dia

55 3601 78 3652 3.
91 3603 162 3666 beil,
175 3604 207 3652 Α.
217 3603 241 3664 6)
252 3605 296 3652 das
307 3602 436 3667 Templum
448 3600 514 3651 Iovis
528 3603 568 3651 bei
581 3602 618 3650 St.
628 3602 717 3653 Nicolo
727 3618 838 3651 neuneu:
852 3602 889 3651 Xd
900 3601 1058 3651 Salvatorem
1068 3614 1120 3648 ma-

53 3671 205 3720 ximinorum
219 3672 242 3720 in
256 3672 346 3733 eulina,
359 3678 387 3720 nt
400 3671 515 3735 superius
526 3671 618 3719 dietum
631 3678 679 3730 est,
692 3668 740 3719 luit
749 3670 861 3735 porticus
871 3668 946 3733 lovis,
958 3668 999 3717 nbi
1012 3667 1119 3732 pergula

54 3739 195 3802 ieritis,
214 3755 276 3804 quae
294 3738 447 3804 producebat
459 3753 522 3787 nvas
535 3753 634 3787 aureas.
660 3736 696 3787 Ibi
708 3746 776 3800 erat,
795 3746 823 3787 ut
835 3738 938 3798 dicitur,
956 3744 983 3786 et
999 3736 1118 3800 templum

54 3805 122 3856 lovis
133 3807 218 3871 optimi
228 3807 335 3868 maximi,
350 3813 376 3855 et
385 3806 532 3855 vocabulum
546 3813 587 3855 est
596 3814 741 3870 corruptum
751 3808 815 3871 quod
828 3807 900 3855 hodie
911 3805 1003 3854 dieitur
1016 3811 1049 3855 st.
1059 3803 1118 3852 Sal-

54 3881 144 3923 vatore
162 3875 185 3922 in
203 3876 355 3936 maximinio,
375 3881 401 3922 et
418 3874 491 3923 valde
509 3881 687 3938 repraesentat
704 3875 812 3935 vestigia
830 3889 883 3922 sua.
916 3873 1000 3922 Ueber
1016 3872 1117 3922 Araceli

55 3949 112 4004 sagt
124 3942 240 3992 darselbe
254 3940 451 3992 Schriltsteller:
465 3941 587 3991 Palatium
600 3941 731 3991 Octaviani
745 3939 792 3990 luit
803 3941 845 3990 uhi
858 3957 922 3990 nune
935 3949 975 3990 est
993 3939 1117 3990 saliaria

53 4009 156 4058 Araceli
169 4018 196 4059 et
207 4017 312 4060 vooatns
325 4018 365 4060 est
377 4010 447 4059 locus
460 4009 581 4059 Ferlerus
595 4010 664 4070 (eod.
678 4007 770 4058 Venet.
783 4007 936 4074 Formas),
953 4010 1009 4074 quia
1023 4007 1056 4056 ibi
1068 4004 1118 4056 luit
