2558 4530
118 363 150 416 28
533 365 574 416 lle
591 365 755 416 llalluuleo

119 541 236 596 constat
250 553 325 615 opus
341 551 438 608 auum,
457 541 534 596 certe
553 542 587 597 ut
599 552 680 596 nunc
693 535 807 614 legitur,
825 534 860 595 ad
876 551 1024 597 summam
1040 543 1170 599 senectu-

118 628 177 682 tem
193 627 363 700 provectum
384 620 563 693 elaborasse,
583 620 763 681 Hellauioum
784 627 895 694 contra,
916 627 950 681 ut
968 619 1017 700 qui
1036 639 1170 701 magnum
1210 676 1212 695 ,

119 706 248 768 brevium
266 705 546 768 commentariorum
562 723 727 779 numerum,
741 724 802 768 uon
821 724 911 766 unum
928 725 1004 787 opus
1020 707 1170 788 reliquerit,

120 792 168 854 ubi
185 792 321 873 quodque
336 791 406 850 satis
423 789 478 869 ipsi
496 791 677 869 exploratum
694 798 785 864 esset,
807 791 835 852 id
856 792 952 872 primo
968 811 1087 872 quoque
1102 800 1170 855 tem·

119 898 192 959 pore
208 886 236 939 et
252 876 408 957 separatim
425 874 504 936 foras
519 875 646 936 edidisse
658 876 792 937 credibile
807 884 859 939 est.
885 877 965 938 ldem
981 878 1110 958 denique
1130 898 1167 940 ca·

119 964 161 1025 dit
183 964 211 1024 iu
234 963 342 1023 librum
369 953 475 1022 ἐθνῶν
501 951 681 1039 ὀνομασίαι
702 962 746 1022 vel
766 955 846 1042 περὶ
868 956 975 1024 ἐθνῶν
997 964 1191 1045 inscriptum‘

119 1049 187 1122 (nisi
203 1049 280 1108 idem
296 1052 358 1107 erat
372 1063 438 1108 cum
453 1038 608 1125 νομίμοις
629 1046 868 1129 βαρβαρικοῖς),
888 1047 966 1110 uude
987 1049 1068 1128 quod
1093 1049 1169 1112 adhi-

118 1135 204 1196 betur
227 1132 304 1210 apud
320 1131 424 1192 Athen.
435 1130 482 1205 lll,
498 1151 527 1212 p.
538 1132 637 1192 4628
659 1151 694 1192 ex
715 1132 867 1194 Herodoto
887 1133 932 1205 lV,
957 1134 1016 1196 190
1043 1142 1169 1197 sumtum

118 1238 184 1280 esse
194 1216 484 1289 viditValckenarius‚
496 1216 657 1297 eodemque
667 1218 829 1279 revocanda
840 1213 1169 1302 νίιλοοτιιτΚοτιριακᾶ,

118 1295 287 1378 Σκυθικά,
310 1302 388 1363 unde
409 1303 500 1365 multa
523 1303 648 1365 citantur
674 1303 750 1384 apud
781 1303 963 1384 Stephanum
993 1305 1168 1386 Byzantium,
1210 1376 1212 1380 ,

93 1406 104 1445 r
120 1407 193 1468 quae
209 1395 340 1468 spectant
359 1396 459 1467 gentes
474 1389 570 1461 Ponti,
591 1388 740 1462 Thraciae,
761 1389 904 1469 Scythiae,
924 1389 1035 1470 Lyciae,
1055 1389 1170 1466 Ciliciae,

116 1475 231 1556 Libyae,
254 1493 326 1556 quas
345 1481 439 1535 terras
455 1473 568 1536 etiamsi
588 1475 618 1535 in
634 1475 738 1536 ceteris
753 1475 893 1554 operibus
907 1475 1020 1554 passim
1036 1494 1169 1558 respexe·
1210 1509 1212 1555 ;

116 1563 162 1636 rit,
177 1569 275 1621 tamen
290 1560 390 1622 dubito
407 1560 478 1639 quin
492 1559 675 1640 peculiariter
696 1560 895 1634 illustraverit,
915 1560 1024 1622 nedum
1044 1561 1169 1642 peregri·
1210 1584 1212 1589 ·

117 1646 214 1708 nando
226 1645 356 1722 cognitas
367 1644 509 1706 hahuerit.
521 1643 654 1707 Ceterum
667 1652 783 1707 constat
793 1646 871 1707 diem
883 1665 1056 1725 supremum
1068 1647 1170 1710 obiisse
1210 1653 1212 1713 l

118 1750 186 1792 eum
201 1731 452 1808 Perperenae11),
473 1730 582 1809 oppido
598 1730 725 1792 Aeolidis
745 1751 761 1792 e
775 1732 893 1810 regione
908 1731 994 1793 Lesbi
1010 1731 1079 1806 sito,
1104 1741 1170 1796 teste

118 1815 222 1876 Suida:
237 1822 271 1875 ut
281 1814 374 1875 varias
390 1820 482 1876 terras
494 1833 669 1895 permensus
681 1817 710 1878 iu
723 1818 847 1897 patriam
860 1835 949 1879 senex
960 1836 1099 1882 reversus
1111 1838 1171 1882 csse

119 1901 216 1981 ibique
229 1899 334 1961 studiis
351 1899 413 1961 suis
429 1900 465 1961 ad
481 1908 607 1962 mortem
624 1921 717 1981 usque
732 1902 900 1964 incubuisse
914 1903 1054 1965 videatur.

201 1987 243 2048 De
258 1986 314 2047 lide
330 1985 392 2047 eius
409 1985 501 2065 deque
516 1987 626 2049 meritis
648 1988 678 2048 iu
693 1987 815 2049 historia
829 1988 907 2049 varie
922 1989 1083 2065 iudicatum
1104 2009 1171 2070 quae

116 2072 285 2135 testimonia
301 2069 542 2133 examinabuntur
556 2072 638 2134 iufra.
664 2072 749 2134 Nune
763 2074 910 2151 ingentem
927 2074 1002 2135 illam
1014 2074 1172 2148 titulorum,

118 2177 191 2237 quos
208 2157 340 2218 Sturzius
356 2164 516 2229 enumerat,
531 2157 696 2220 varietatem
713 2159 748 2220 ad
760 2158 887 2219 maiores
900 2178 1024 2239 operum
1037 2179 1171 2242 eompre-

116 2244 274 2305 heusiones
289 2261 425 2303 revocare
441 2242 611 2304 conabimur
622 2247 630 2284 ¹
642 2245 679 2318 2).
712 2243 828 2304 Etenim
849 2245 962 2305 etiamsi
977 2245 1069 2307 multa
1089 2265 1171 2328 sepa-

116 2329 204 2390 ratim
225 2327 347 2389 ediderit
372 2328 544 2407 diversaque
563 2328 686 2389 diversis
705 2327 888 2408 temporibus
909 2330 1049 2408 attigerit,
1075 2338 1171 2394 tamen
1209 2344 1212 2349 '

116 2422 179 2476 erat
193 2413 256 2476 siue
272 2414 360 2475 dubio
381 2415 522 2494 quaedam
542 2433 642 2476 rerum
658 2413 693 2475 ab
713 2432 748 2474 eo
768 2420 953 2476 tractatarum
976 2417 1067 2477 series
1088 2425 1172 2498 atque

117 2500 276 2563 similitudo
293 2508 321 2562 et
335 2501 409 2562 ratio
426 2500 523 2573 etiam,
545 2518 603 2579 qua
621 2500 651 2560 iu
666 2499 755 2561 rebus
770 2500 981 2579 persequendis
998 2502 1171 2577 versabatur,

116 2596 254 2650 constans
281 2588 424 2666 quaedam
451 2594 536 2664 atque
563 2584 728 2664 aequabilis.
767 2584 831 2646 Hoc
854 2586 996 2662 significat
1017 2586 1173 2667 Dionysius
1208 2588 1212 2653 l

116 2671 391 2741 Halicarnasseusis,
405 2670 455 2731 ubi
472 2670 673 2752 Thucydidem
693 2670 732 2732 ait
749 2688 843 2750 neque
857 2669 946 2730 unius
967 2669 1023 2730 loci
1043 2673 1175 2750 angustia
1210 2688 1212 2695 '

116 2758 200 2835 quasi
215 2755 555 2850 circumscriheysqutque
569 2756 692 2835 deligere
706 2755 860 2817 historiam
875 2753 1002 2814 voluisse
1013 2757 1023 2793 1
1033 2755 1072 2829 ³),
1096 2757 1176 2835 quod
1208 2714 1212 2807 i

115 2892 290 2906 —n--n-—n-

160 2958 183 3017 l)
197 2956 358 3020 „Auliallend
371 2955 430 3005 tritt
442 2970 502 3013 trem
518 2961 607 3011 ibidem
626 2961 718 3011 obiisse
734 2957 847 3010 nonnulli
859 2957 974 3019 tradunt,
992 2953 1105 3009 conlusio
1129 2969 1179 3026 est,

90 3041 130 3076 arn
141 3024 408 3087 meistendazuheige
456 3030 640 3098 yd.p.57.sq.
1210 3020 1212 3053 ²

90 3094 156 3146 Netz
170 3095 215 3144 der
226 3093 382 3158 griechische
427 3099 530 3161 wiehtig
550 3097 600 3147 und
617 3096 690 3146 haum
711 3112 742 3146 zu
758 3096 828 3147 Eudo
851 3111 882 3146 zu
899 3095 1004 3158 bringeu
1022 3094 1121 3145 soheiut
1138 3098 1178 3148 die

90 3162 219 3213 lolliessf‘
243 3163 285 3212 Sic
297 3160 465 3220 Dahlnvielern
478 3167 517 3216 die
527 3165 671 3228 uugeheure
683 3163 772 3228 Meuge
782 3163 850 3215 Titel
862 3180 911 3214 von
922 3159 1049 3213 Schriften
1062 3163 1107 3212 des
1118 3163 1178 3216 Hel·

89 3232 206 3283 Antiochi
218 3230 424 3299 Syracusauinen
438 3235 551 3287 Werlreu
565 3233 626 3282 oder
637 3231 741 3282 Theileu
754 3248 803 3283 von
816 3235 953 3296 grisscren
965 3231 1118 3294 engehiirt.“
1137 3233 1177 3284 Sic

158 3301 182 3366 8)
195 3300 334 3352 Permirum
343 3300 411 3370 nter,
424 3305 529 3368 conlido,
546 3301 664 3352 iudicabit
681 3301 721 3366 qui
734 3301 926 3367 disputationem
947 3301 1010 3349 hauc
1026 3314 1105 3349 meam
1120 3301 1177 3352 dili·

90 3372 159 3423 uicus
172 3371 249 3435 igitur
260 3368 368 3421 formast

90 3440 182 3491 scholis
195 3441 268 3491 Valde
280 3439 407 3511 fremeyd.
420 3442 494 3492 ludio.
507 3456 529 3490 c.
542 3437 566 3488 6.
595 3433 768 3500 Θουκυδίδης
779 3432 836 3487 οὔτ’
847 3429 891 3504 ἐφ’
906 3430 967 3491 ἑνὸς
978 3429 1116 3499 ἐβουλήθη
1135 3431 1177 3486 τό·

90 3508 203 3570 gleieheu
215 3509 370 3567 Αοοὶολύσαι
390 3508 440 3577 τὴν
456 3510 592 3575 ἱστορίαν,
613 3500 650 3562 ὡς
665 3504 774 3571 οἱπερὶ
791 3499 840 3558 τὸν
853 3499 1012 3557 Ἑλλάνικον
1031 3499 1176 3568 ἐποίησαν,

90 3571 280 3643 l’erso'nliehlre}2
288 3568 403 3643 ἇηάσης
408 3577 504 3646 χώρας
511 3571 639 3640 Ἕλλησιν
648 3567 663 3637 ἢ
673 3568 821 3642 βαρβάροις
830 3571 1057 3628 ἐπιτελεσθείσας
1065 3567 1178 3638 πράξεις

92 3641 384 3717 8ΡΡῐὶΠὸῙὶθῘ1Ῡλστορίαν
397 3650 572 3712 συναγαγεῖν,
584 3638 784 3713 μιμησάμενος
792 3636 947 3709 Ἡρόδοτον
960 3641 1020 3717 pfl.
1049 3638 1107 3689 Allo
1120 3641 1175 3721 lqco

92 3704 275 3776 gyptumh‘tum
292 3719 378 3768 eadem
394 3721 469 3779 atque
490 3713 645 3762 llellauieum
664 3710 763 3761 ratione
784 3724 856 3759 usum
872 3724 930 3759 esse
942 3708 1010 3764 droit,
1032 3721 1052 3754 ο.
1065 3706 1090 3756 9:
1116 3722 1177 3758 οατε

92 3782 251 3842 eorum‘mlg
262 3781 368 3845 τόποις,
382 3781 411 3833 ἐν
425 3771 467 3835 οἷς
479 3779 509 3828 αἱ
521 3776 635 3844 πράξεις
646 3777 878 3841 ἐπετελέσθησαν,
891 3771 1056 3822 ἀκολουθῶν
1066 3771 1178 3853 ἐμέρισε

92 3838 172 3902 Pluta‘
184 3848 334 3920 διηγήσεις,
349 3848 385 3906 ὡς
394 3841 549 3915 Ἡρόδοτός
560 3861 589 3896 τε
600 3847 646 3896 καὶ
654 3843 810 3901 Ἑλλάνικος
821 3841 867 3893 καὶ
880 3833 960 3889 ἄλλοι
972 3836 1042 3895 τινὲς
1053 3857 1109 3894 των
1120 3839 1176 3913 πρὸ

93 3912 210 3972 &orthod
223 3920 408 3986 συγγραφέων
417 3913 562 3978 ἐποίησαν.
580 3913 684 3963 Omnino
696 3914 838 3964 Herodotus
849 3906 954 3971 primum
964 3905 1071 3972 Lydiaca
1084 3918 1177 3974 narrat,

93 3976 213 4052 pilente
225 3988 334 4047 Persica,
347 3984 502 4049 Aegyptiace
514 3987 576 4040 εἴας
590 3995 676 4030 verum
686 3982 765 4031 omnia
775 3976 840 4043 apud
850 3987 906 4021 cum
915 3979 1029 4039 tunquam
1037 3976 1111 4028 unius
1121 3995 1178 4029 eor·

94 4051 195 4130 riparia
206 4055 317 4108 membra
330 4059 398 4116 suut,
411 4052 435 4100 id
447 4048 512 4114 quod
524 4062 597 4097 scens
609 4054 666 4096 eret
676 4050 739 4112 apud
751 4040 916 4096 hellanicum.
