2558 4530
138 360 192 414 144
369 361 415 414 Do
433 374 550 415 caussa
567 361 717 415 nominis
736 360 959 431 Caryatidum.

138 518 261 596 intanta
276 517 316 579 rei
331 517 499 597 antiquitate
513 517 595 579 facile
610 518 752 579 excusari.
781 518 856 579 Eum
869 535 999 579 errorem
1016 517 1043 578 si
1059 516 1187 596 dempse-

16 614 23 625 ’
85 624 125 666 soe
138 604 188 676 ris,
201 602 367 682 ceteroquin
377 622 440 665 rem
453 622 549 664 veram
562 604 672 665 narrari
685 603 854 677 credideris3
868 603 976 664 seilicet
987 603 1093 663 eodem
1105 604 1189 664 ferme

138 696 281 767 tempore,
297 707 356 767 quo
368 689 499 768 porticus
512 689 628 750 Persica
640 689 786 749 aedificata
802 696 856 759 est,
873 689 948 749 aliud
963 688 1131 749 aedificium
1147 707 1188 747 er-

139 781 281 835 struotum
292 774 393 848 fuisse,
405 793 462 853 quo
473 774 636 854 Caryatium
644 773 790 843 mulieres
802 773 954 834 matronali
963 773 1066 834 habitu
1075 772 1188 851 conspi-

139 878 223 932 cuae,
244 877 299 938 pro
316 859 460 919 columnis
481 866 606 920 statutae
625 859 749 920 fuerint:
770 878 825 938 qua
846 858 1020 920 contumelia
1041 859 1130 919 simul
1148 877 1189 917 re-

140 962 284 1024 sponsum
300 952 346 1005 est
360 945 600 1005 insolentioribus
616 944 680 1005 istis
695 944 884 1021 Tegeatarum
901 945 1116 1015 monumentis
1132 943 1190 1022 qui-

138 1027 196 1174 gals³
215 1029 321 1190 iiSdeI
335 1029 479 1090 matronis
500 1029 568 1090 olim
584 1035 664 1107 terga
682 1029 797 1090 dedisse
813 1029 974 1109 Spartanos
991 1029 1123 1108 posteris
1138 1035 1190 1088 tra-

161 1134 176 1174 e
198 1121 263 1175 atur
325 1159 332 1174 .

140 1233 340 1243 ——-—-—--

211 1287 250 1347 17)
270 1286 301 1338 V.
315 1287 338 1335 in
351 1282 438 1348 primis
451 1282 524 1332 Pons.
538 1280 607 1346 VIII,
620 1283 665 1346 48,
679 1282 694 1332 3
708 1280 764 1333 ἔστι
779 1279 810 1332 δὲ
828 1281 873 1332 καὶ
888 1277 985 1351 Ἄρεως
997 1275 1113 1350 ἄγαλμα
1126 1281 1155 1333 ἓν
1166 1281 1192 1349 τῇ

144 1355 287 1422 Τεγεατῶν
300 1350 398 1422 ἀγορᾷ.
408 1351 490 1401 τοῦτο
503 1346 688 1402 ἐκτετύπωται
699 1349 752 1417 μὲν
764 1349 812 1401 ἐπὶ
825 1345 917 1420 στήλῃ,
931 1354 1156 1402 Γυναικοθοίναν
1167 1348 1193 1398 δὲ

142 1416 330 1492 ὀνομάζουσιν
343 1414 427 1472 αὐτόν
438 1419 494 1470 κτλ.

146 2218 182 2282 (P.
192 2216 251 2280 403,
264 2215 293 2266 Ζ.
307 2216 336 2265 14
349 2218 435 2266 stenen
448 2215 472 2264 in
486 2216 532 2264 den
547 2214 636 2264 Annali
650 2217 711 2265 noch
725 2215 764 2263 die
779 2213 883 2264 Worte:
898 2209 973 2280 ‘quae
987 2215 1085 2278 figurae
1098 2221 1198 2281 propter

145 2284 336 2335 raritatemhuio
346 2283 518 2334 dissertationi
526 2284 626 2333 additae
637 2283 728 2333 suntin
739 2281 800 2333 Tab.
810 2283 858 2331 adi.
869 2276 903 2344 P‚‘
917 2283 957 2331 die
967 2283 1015 2347 ioh,
1031 2284 1060 2333 da
1071 2284 1113 2332 die
1128 2280 1198 2332 Taiei

284 2352 352 2403 nieht
364 2349 493 2416 beigeiiigt
506 2353 606 2403 werden
620 2351 724 2414 kanuto,
736 2351 909 2413 weggelasseu
923 2350 993 2400 habe.
1018 2349 1059 2414 Ii.)
