2558 4530
127 353 160 403 42
547 351 588 402 Da
606 351 770 403 Hellanico

130 520 209 600 quod
226 521 261 581 de
276 520 383 582 diluvio
395 520 505 601 Ogygio
522 521 615 600 deque
625 520 715 582 hlosis
731 540 766 582 ex
778 525 906 600 aegypto
922 519 1109 600 protectione
1119 519 1183 581 Hel-

129 606 238 667 lanicus
254 607 337 667 testis
353 607 523 686 producitur
538 625 554 667 a
569 606 714 678 Patribus,
731 606 759 666 id
775 607 882 667 nullius
898 607 963 667 fidei
979 625 1046 667 esse
1061 606 1183 667 demon-

130 691 231 753 stravit
245 692 408 753 Boechhius
424 692 460 752 de
474 691 652 752 Philochoro
668 710 697 769 p.
713 691 741 752 8.
771 691 877 753 Addito
894 690 959 752 libri
974 710 1100 753 numero
1117 691 1182 753 cita·

129 785 178 839 tur
188 778 299 839 notatio
323 779 358 839 de
382 778 494 855 origine
514 776 614 837 iudicii
632 777 789 855 Areopagi,
811 796 856 857 ap.
873 777 968 856 Etym,
990 776 1039 848 Μ.,
1057 776 1182 850 suidam,

130 864 202 924 alios
225 883 249 923 s.
264 883 289 924 v.
303 853 437 945 ’Ἀρειος
451 880 497 935 τι,
518 862 611 941 deque
626 862 781 922 notissima
801 863 846 924 illa
867 863 916 923 lite
930 863 1007 923 inter
1021 862 1144 923 Martem
1159 869 1183 922 et

129 950 289 1010 Vulcanum
304 950 439 1024 actalll,
459 966 545 1026 quam
561 947 658 1009 solent
671 965 783 1027 ponere
801 948 831 1008 in
846 965 938 1026 regno
955 947 1104 1027 Cecropis.
1136 947 1183 1008 Sc·

129 1035 227 1114 quitur
242 1034 383 1112 Harpocr.
400 1052 425 1093 v.
445 1026 684 1116 Παναθήναια,
707 1033 793 1093 citato
808 1033 883 1094 lihro
899 1034 1010 1135 primo,
1036 1034 1073 1094 de
1092 1032 1183 1094 Pana-

129 1120 260 1181 thenaeis
285 1118 320 1179 ab
334 1118 525 1178 Erichthonio
546 1119 682 1190 conditis,
706 1125 735 1178 et
748 1137 775 1178 v.
792 1119 1016 1200 Φορβαντειον
1036 1118 1073 1178 de
1092 1118 1182 1178 Phor·

130 1205 226 1278 hante,
245 1203 305 1264 filio
318 1203 453 1282 Neptuni,
471 1222 557 1283 quem
573 1203 603 1264 in
622 1203 697 1264 hello
708 1202 857 1264 Eleusinio
877 1203 982 1264 oceidit
995 1203 1183 1265 Erechtheus.

131 1291 225 1351 Porro
241 1290 276 1350 ad
292 1296 426 1367 tempora
441 1289 527 1368 Aegei
546 1288 657 1349 faciunt
672 1307 746 1367 quae
761 1288 885 1350 servavit
904 1288 978 1349 Plut.
994 1289 1085 1350 Thes.
1108 1308 1132 1350 c.
1150 1288 1183 1349 17

130 1376 165 1436 de
180 1375 355 1449 Minotauro,
370 1375 448 1435 etad
464 1393 587 1453 regnum
603 1373 710 1436 Thesei
725 1392 799 1454 quae
814 1373 891 1435 idem
907 1372 945 1435 ib.
962 1393 987 1434 c.
1002 1374 1043 1434 25
1060 1374 1097 1435 de
1111 1374 1185 1435 lsth·

129 1461 197 1522 miis
214 1481 229 1522 a
245 1460 359 1521 Theseo
376 1459 502 1521 conditis
518 1467 546 1521 et
561 1479 585 1521 c.
601 1459 641 1521 26
658 1461 694 1521 de
708 1460 844 1539 Antiopa,
865 1458 901 1519 ad
922 1467 1059 1539 tempora
1079 1459 1184 1520 Demo·

128 1547 249 1628 phontis
266 1566 339 1625 quae
350 1552 465 1607 exstant
479 1565 525 1625 ap.
539 1546 606 1606 Sch.
619 1546 719 1624 Eurip.
735 1546 805 1607 Hoc.
817 1565 843 1604 v.
861 1546 917 1606 125
934 1544 970 1605 de
980 1545 1087 1606 Aethra
1098 1546 1184 1606 Atha·

129 1652 181 1693 nas
197 1632 316 1692 reducta
336 1639 365 1691 et
381 1649 427 1709 ap.
444 1630 512 1690 Sch.
528 1630 597 1689 Eur.
613 1629 663 1690 Or.
678 1649 704 1690 a.
723 1630 813 1704 1643,
832 1630 881 1690 uhi
897 1629 1030 1691 fabulosa
1045 1630 1185 1710 Areopagi

128 1716 251 1776 historia
267 1733 327 1776 uno
344 1722 505 1793 conspectu
520 1715 705 1792 proponitur,
720 1722 889 1794 temporum
904 1716 993 1776 simul
1012 1716 1185 1777 indicatione

131 1800 255 1879 quadarn
272 1800 398 1872 adiecta,
422 1799 489 1859 loco
505 1806 657 1876 corrupto,
672 1799 721 1877 qui
741 1799 780 1859 ita
800 1799 938 1878 legendus
959 1799 1086 1862 videtur:
1109 1795 1185 1878 περὶ

128 1883 187 1969 τῆς
211 1875 363 1966 Ὀρέστου
390 1876 529 1966 κρίσεως
555 1877 588 1944 έν
609 1875 701 1966 Ἀρεῖ
750 1877 849 1968 τιάγηι
877 1876 1003 1969 ῖστσρεῖ
1027 1880 1086 1946 καὶ
1104 1877 1184 1947 ‘Eia

89 1993 116 2032 ιι
129 1967 232 2032 ταῦτα
264 1963 414 2054 γράφων·
443 1967 513 2043 τοῖς
545 1961 582 2030 ἐκ
603 1905 862 2048 Λακελαίμσνος
891 1964 1031 2033 ἐλθοῦσι
1057 1965 1117 2031 καί
1142 1967 1186 2054 τῷ

133 2048 267 2140 Ὀρέστη
290 2049 322 2118 oi
345 2047 523 2137 Ἀθηναῖοι
536 2045 665 2137 ἔφασαν
678 2049 777 2131 τέλος,
801 2046 998 2138 άμφοτέρων
1013 2049 1185 2119 ἐπαινούν-

127 2144 261 2216 των40).
293 2132 325 2202 οῖ
348 2134 385 2201 δὲ
406 2131 582 2221 Ἀθηναῖοι
603 2134 662 2236 την
684 2130 777 2222 δίκην
798 2130 940 2203 ἔστασαν
954 2135 1044 2203 ἐννέα
1063 2141 1186 2222 γενεαῖς

129 2220 263 2308 ὕστερον
275 2215 401 2307 *Ἄρης
414 2218 472 2285 καί
483 2221 655 2287 Ποσειδων
668 2218 748 2308 περί
758 2215 972 2308 Ἁλιρροθίου
988 2219 1092 2310 δίκην.
1115 2215 1186 2289 εἶτα

130 2304 286 2394 Κέφαλος
307 2301 326 2371 ὁ
348 2302 532 2392 Δηὶόνέως,
554 2300 638 2370 ὥστε
659 2303 807 2394 Πρόκριν
826 2306 884 2414 την
902 2301 1084 2391 Ἐρεχθέως
1106 2303 1186 2390 ἔχων

129 2396 265 2477 γυναῖκα
287 2390 344 2458 καί
367 2386 580 2471 ἀποκτείνας,
602 2388 639 2472 έξ
662 2385 789 2479 ’Λρείου
810 2414 921 2477 παγσυ
950 2389 1044 2480 δίκην
1065 2389 1113 2472 αῖς
1135 2395 1185 2460 δι-

128 2476 270 2557 κασθεὶς
291 2473 402 2586 ἔφυγε,
424 2503 443 2544 τ
466 2478 515 2546 ισί
530 2481 656 2564 γενεαῖς
676 2474 820 2564 ὕστερον.
848 2475 931 2561 μετά
954 2477 992 2544 δὲ
1017 2477 1078 2565 την
1098 2483 1185 2545 Δαι-

128 2563 231 2631 δάλου
259 2561 353 2654 δίκην
380 2504 583 2672 αδελφιάοῦν
608 2562 668 2629 τὸν
698 2560 814 2628 Τάλων
845 2557 1102 2642 άτιοκτείναντος
1130 2565 1186 2630 δο-

127 2648 234 2715 λόεντι
257 2650 395 2738 θανάτῳ
416 2675 474 2715 και
497 2647 656 2733 φυγόντος
679 2646 780 2736 δίκην,
802 2647 893 2734 τρισί
915 2652 1039 2732 γενεαῖς
1052 2645 1188 2736 ὕστερον

129 2729 208 2817 αὕτη
236 2731 255 2818 ἡ
289 2732 450 2813 Τυνδαρίς
474 2729 748 2820 Κλυταιμνήστρα
770 2728 998 2818 Ἀγαμέμνονα
1026 2729 1187 2801 οῖττοκτοί-

128 2836 213 2880 νασα
234 2816 293 2880 καί
314 2813 383 2880 ὑπὸ
401 2813 553 2901 Ὀρέστου
577 2811 812 2884 άττοκταθεῖσα
840 2820 1104 2906 συγκροτηθῆναι
1134 2816 1188 2885 δί-

128 2925 188 3008 κην
213 2900 262 2984 τῷ
287 2896 418 2988 Ὀρέστῃ
445 2895 514 2966 ὑπὸ
541 2897 725 2983 Εὐμενίδων
751 2901 1010 2986 παρεσκεύασεν,
1039 2898 1077 2979 ὃς
1102 2904 1188 2984 μετὰ

128 3009 186 3072 την
208 2981 316 3070 κρίσιν
338 2983 533 3050 έντανελθυῖν
551 2980 692 3072 ’Ἀργους
712 2985 914 3072 ἐβασίλευσε.
942 2985 1001 3052 καί
1028 2982 1190 3055 ἐδίκασαν

198 3201 239 3265 39)
256 3202 327 3267 Quod
340 3203 401 3255 dicit
412 3204 569 3270 Areopagum
586 3205 737 3272 appellatum
754 3221 810 3257 essa
824 3200 868 3257 ὅτι
880 3204 963 3272 ἔπηξε
974 3200 1006 3256 τὸ
1019 3200 1089 3276 δόρυ
1101 3203 1186 3260 {aeid

131 3263 215 3351 Ἄρης,
229 3272 285 3321 inde
299 3272 403 3336 colligas
415 3274 511 3323 hastam
526 3273 549 3322 in
560 3273 692 3339 Areopago
711 3273 785 3325 fixam
802 3273 881 3326 fuisse
900 3283 928 3327 ut
946 3276 1043 3339 insigne
1061 3272 1117 3327 τῶν
1131 3294 1186 3344 φο-

127 3355 221 3392 νικων.

197 3408 238 3471 40)
252 3408 327 3473 Vulg.
342 3408 371 3459 οἱ
384 3404 443 3460 Ἀθ.
457 3405 579 3478 ἔφασαν·
591 3409 667 3466 τέλος
679 3407 711 3460 δὲ
723 3407 795 3480 ἀμφ.
805 3409 850 3462 ἔτι.
864 3411 893 3462 οἱ
906 3406 999 3478 Ἀθην.
1008 3411 1064 3462 κτλ.
1075 3408 1187 3478 ἔφασαν

129 3474 214 3538 τέλος,
227 3478 249 3526 si
261 3493 348 3528 sanum
361 3484 409 3542 est,
423 3477 485 3526 erit:
500 3477 569 3528 litem
581 3477 757 3528 diiudioahant.
780 3478 806 3529 ln
819 3475 995 3549 ἀμφοτέροις
1005 3481 1107 3531 videtur
1118 3481 1187 3543 cogi·

129 3543 230 3592 tandum
243 3546 273 3594 de
286 3547 316 3596 iis
330 3547 371 3613 qui
384 3560 438 3595 cum
451 3544 543 3596 Oreste
555 3552 679 3597 venerant
691 3553 717 3595 et
726 3547 768 3612 qui
780 3563 834 3597 cum
846 3548 965 3612 Erigona,
977 3549 1049 3598 cuius
1062 3546 1086 3596 in
1098 3548 1186 3599 eadam

129 3611 274 3661 narratione
286 3614 397 3663 meminit
410 3613 497 3664 Marm.
508 3613 566 3666 Par.
580 3629 619 3680 ep.
633 3613 674 3678 25,
687 3629 831 3681 quemquam
843 3618 981 3667 cavendum
994 3631 1025 3666 na
1038 3617 1115 3681 ipsam
1128 3615 1186 3666 Eri·

129 3694 218 3744 gonam
230 3679 387 3731 collaudasse
404 3681 498 3732 iudices
511 3683 648 3747 opinemur,
660 3698 685 3733 v.
698 3683 750 3734 lex.
761 3683 786 3732 in
799 3698 824 3732 v.
835 3678 888 3734 eloi
907 3701 934 3734 α.
963 3684 1056 3733 Postea
1072 3684 1186 3734 lacunam

128 3747 269 3811 significavi
281 3756 339 3799 anta
354 3744 439 3816 Ἄρης,
451 3750 540 3800 deiude
553 3744 624 3800 ὥστε
636 3751 693 3801 dedi
709 3766 755 3816 pro
767 3745 852 3808 ὅστις.
881 3701 946 3801 lima
963 3747 1044 3812 δίκην
1055 3745 1093 3807 ὡς
1104 3749 1186 3802 δικα-

130 3818 210 3871 σθείς
222 3816 279 3883 quid
292 3816 340 3866 sihi
353 3817 416 3867 velit
428 3819 539 3868 ostendit
550 3818 665 3884 Apollod.
677 3817 718 3882 ΠΙ,
733 3819 773 3884 15,
788 3820 798 3870 l
819 3836 835 3871 κ
855 3817 926 3872 odeis
942 3813 974 3867 ἔν
988 3809 1081 3900 Ἀρείρι
1098 3817 1185 3888 πάγην

129 3879 223 3953 φυγὴν
234 3879 329 3936 ἀίδιον
341 3881 559 3944 καταδικάζεται.
583 3886 647 3936 Tum
658 3887 715 3938 dadi
727 3881 794 3953 αὐτὴ
806 3883 823 3954 ἡ
836 3835 866 3938 λ.
880 3898 926 3950 pro
939 3876 1008 3948 αὕτη
1020 3892 1047 3935 ct
1059 3904 1185 3938 αποκτα-

129 3956 215 4004 θεῖσα
227 3968 272 4018 pro
281 3946 439 4004 άποκτανθ.
461 3952 579 4006 Ceterum
591 3961 650 4006 nota
662 3950 784 4009 ἔστασαν
794 3970 840 4022 pro
850 3951 978 4016 ἔστησαν,
991 3949 1119 4008 domoon
1131 3961 1185 4007 θα-

130 4015 214 4087 νάτῳ,
228 4019 452 4091 συγκροτηθῆναι
463 4019 553 4086 δίκην.
