2558 4530
176 378 210 431 96
568 374 613 426 De
632 373 846 441 Praxiphane

176 534 253 611 quod
271 529 457 608 coniungitur
472 548 538 590 cum
554 529 685 591 Eudemo
701 537 730 589 et
744 530 932 608 Hieronymo.
963 528 1104 606 Sequitur
1119 547 1191 606 ergo
1205 539 1232 588 ut

175 616 388 695 Praxipbanem
405 615 434 674 in
450 615 537 674 altera
552 615 665 675 civitate
680 621 796 687 natum,
815 614 845 673 in
860 613 948 674 altera
964 613 1012 672 diu
1027 619 1181 673 versatum
1195 613 1232 673 vel

176 702 319 762 civitatem
338 700 476 778 adeptum
492 718 558 758 esse
573 706 749 770 statuamus
768 706 801 759 ut
821 698 916 758 solent
933 698 1051 758 litterati
1073 697 1230 758 eorundem

175 796 343 864 temporum
359 785 495 845 homines
511 803 526 844 a
542 783 674 862 pluribus
690 783 777 844 simul
792 782 956 844 civitatibus
972 782 1016 842 vel
1032 782 1091 860 ipsi
1107 801 1175 842 sese
1190 802 1230 842 re·

175 879 274 950 petere
293 870 338 929 vel
357 870 393 929 ab
414 869 476 929 aliis
498 869 690 946 scriptoribus
712 867 922 946 cognominari.
953 867 996 927 Ex
1010 874 1076 927 utra
1093 867 1230 928 oriundus

173 957 274 1028 fuerit,
300 953 397 1015 utrubi
419 953 602 1031 disciplinam
623 952 766 1030 acceperit
785 972 820 1012 eo
842 951 985 1011 difficilius
1005 959 1050 1011 est
1070 951 1230 1022 diiudicatu,

175 1041 254 1119 quod
270 1041 300 1099 in
312 1046 436 1115 utraque
448 1037 540 1097 insula
552 1037 810 1114 Peripateticorum
823 1036 918 1096 studia
930 1035 1045 1114 egregie
1056 1036 1230 1106 lloruerunt;

174 1143 243 1185 nam
256 1143 289 1183 ex
298 1123 404 1194 Lesbo,
417 1141 504 1200 quam
516 1121 579 1200 ipse
588 1121 755 1182 Aristoteles
768 1121 940 1191 visitaverat,
953 1120 1230 1198 prodieruntheo·

177 1210 332 1288 phrastus,
349 1207 489 1278 Phanias,
506 1206 671 1284 Cratippus,
686 1206 855 1266 Aristoteles
872 1205 1018 1280 iuniori),
1034 1224 1067 1264 11
1084 1205 1192 1265 Rhodo
1207 1205 1229 1276 ii,

175 1312 250 1371 quos
259 1291 510 1362 recensetStrabo‚
519 1291 675 1363 Eudemus,
683 1289 1098 1369 Hieronymusbndronicus:
1112 1298 1229 1349 ututro-

151 1377 264 1455 abique
280 1383 419 1454 tanquam
436 1375 584 1436 familiaris
601 1377 663 1436 eius
681 1375 797 1436 scholae
813 1374 961 1435 successio
978 1375 1127 1435 exstitisse
1143 1375 1231 1434 videa-

175 1470 231 1522 tur.
260 1462 455 1540 Theophrasti
470 1461 585 1521 auditor
600 1454 779 1543 (μαθητής)
796 1468 825 1519 et
840 1459 949 1520 sodalis
966 1450 1122 1539 (ἑταῖρος)
1135 1459 1229 1519 Praxi·

175 1547 287 1623 phanes
302 1555 423 1606 vocatur
438 1566 454 1605 a
466 1545 592 1606 Proculo
606 1545 635 1604 in
646 1544 867 1621 Prolegomenis
880 1545 915 1605 ad
928 1543 1089 1603 Hesiodum
1103 1552 1190 1621 atque
1200 1542 1228 1603 ad

176 1631 305 1690 Platonis
321 1631 473 1689 Timaeum
496 1633 533 1705 (1.
554 1629 628 1689 infra
642 1629 679 1688 fr.
696 1629 728 1688 V.
741 1629 810 1703 vl),
826 1629 905 1688 unde
920 1627 1049 1689 cernitur
1065 1647 1133 1688 eum
1151 1646 1229 1705 prac-

177 1715 260 1790 cipue
277 1713 397 1773 Athenis
417 1713 604 1791 philosophia
619 1707 808 1789 Peripatetico
823 1713 985 1773 institutum
1001 1712 1104 1772 fuisse.
1137 1712 1230 1772 ’11111-

176 1798 316 1876 phrastus
343 1804 438 1856 autem
465 1797 582 1857 scholae
600 1797 737 1874 princeps
757 1797 907 1857 exstiterat
925 1797 1110 1875 Lyaeumque
1130 1814 1230 1875 regen-

176 1882 246 1941 dum
263 1881 374 1959 accepit
390 1887 506 1941 mortuo
522 1880 675 1941 Aristotele
690 1880 735 1941 01.
754 1883 827 1953 114,
844 1881 862 1941 3
877 1909 921 1933 =
935 1901 959 1941 a.
976 1878 1042 1941 Chr.
1061 1881 1138 1952 322,
1159 1880 1231 1941 unde

175 1967 240 2027 licet
255 1967 290 2026 de
305 1965 488 2044 temporibus
504 1964 638 2043 discipuli
654 1965 788 2026 iudicare.
816 1967 950 2026 Attamen
965 1966 1029 2044 ipse
1044 1965 1129 2025 etiam
1146 1966 1230 2026 scho-

176 2051 219 2112 lae
239 2051 401 2130 praefuisse
417 2049 586 2128 perbibetur
601 2057 630 2110 et
644 2059 847 2111 memorantur
861 2050 910 2128 qui
927 2049 963 2110 ab
978 2069 1013 2110 eo
1030 2049 1152 2110 instituti
1167 2050 1232 2109 fue-

99 2185 102 2190 .
176 2136 235 2196 rint
250 2135 396 2213 discipuli,
414 2135 491 2194 velut
504 2134 585 2195 Plato
602 2134 703 2211 aliquis
719 2134 816 2195 iunior
830 2153 875 2212 ap.
891 2134 973 2211 Diog.
989 2134 1021 2194 L.
1039 2135 1084 2206 lll,
1103 2133 1161 2194 109
1177 2129 1232 2194 καὶ

177 2211 277 2291 ἄλλος
297 2214 568 2301 Περιπατητικὸς
593 2214 749 2302 μαθητής
770 2212 1017 2300 Ἀριστοτέλους
1043 2213 1100 2279 καὶ
1128 2211 1232 2300 ἕτερος

176 2297 424 2385 Πραξιφάνους.
465 2303 541 2376 Quid
561 2304 638 2382 quod
654 2303 736 2364 illum
752 2305 837 2364 etiam
854 2304 1081 2382 philosophum,
1102 2303 1152 2382 qui
1172 2303 1231 2380 ipse

177 2387 323 2447 neminem
340 2407 355 2448 a
372 2406 403 2447 sc
417 2388 547 2448 auditum
564 2407 629 2449 esse
643 2388 776 2459 iactabat,
793 2388 844 2448 sed
860 2389 943 2447 cuius
959 2387 1132 2466 sapientiam
1149 2385 1231 2448 ceteri

177 2491 192 2532 a
208 2472 295 2533 variis
311 2474 547 2552 praeceptoribus
563 2473 692 2534 derivare
707 2472 900 2547 conabantur,
923 2472 1001 2550 quod
1022 2473 1110 2533 etiam
1127 2471 1231 2550 Epicu·

176 2576 241 2618 rum
263 2558 453 2636 Praxiphanis
478 2558 631 2636 disciplina
650 2558 777 2618 fructum
799 2576 865 2617 esse
885 2565 1098 2617 memoraverat
1119 2558 1160 2628 is,
1186 2554 1231 2634 qui

176 2642 423 2721 philosophorum
442 2643 596 2702 historiam
611 2649 697 2719 atque
711 2648 845 2720 tempora
861 2641 1080 2702 accuratissime
1095 2658 1230 2718 persecu·

176 2732 224 2784 tus
240 2733 309 2797 erat,
325 2724 522 2802 Apollodorus
537 2745 583 2802 ap.
599 2725 681 2802 Diog.
698 2724 731 2784 L.
746 2725 782 2796 X,
801 2726 838 2786 13
853 2721 967 2787 τοῦτον
981 2717 1232 2807 Ἀπολλόδωρος

177 2802 211 2868 ἐν
239 2807 415 2889 Χρονικοῖς
436 2801 673 2889 Ναυσιφάνους
698 2800 839 2870 11κοῦσαί
864 2828 948 2893 φησι
976 2804 1032 2871 καὶ
1054 2802 1232 2893 Πραξιφά-

177 2910 260 2963 νους.
298 2891 383 2963 Quod
401 2891 426 2950 si
441 2891 517 2951 bona
533 2891 590 2951 fide
604 2893 777 2966 traditurssl,
794 2895 908 2956 difficile
922 2902 968 2955 est
982 2913 1040 2973 quo
1056 2902 1192 2973 tempore
1205 2893 1231 2952 id

176 2976 285 3035 factum
308 2975 346 3034 sit
364 2982 500 3036 statuere.
529 2976 644 3037 Etenim
659 2977 803 3055 Epicurus
821 2986 978 3058 postquam
999 2979 1153 3056 pueritiam
1169 2996 1232 3056 ege·

176 3068 223 3118 rat
237 3059 266 3117 in
288 3059 376 3118 Samo
396 3059 503 3132 insula,
530 3061 657 3121 Athenas
684 3062 812 3139 primum
838 3063 905 3123 visit
925 3064 1014 3123 XVlll
1034 3082 1130 3124 annos
1150 3070 1231 3123 natus

80 3154 83 3157 ’
177 3143 206 3203 h.
222 3162 246 3202 e.
263 3142 307 3203 Ol.
326 3144 394 3215 114,
411 3144 429 3203 2
444 3171 487 3195 =
501 3163 525 3206 a.
540 3146 606 3206 Chr.
624 3145 694 3218 323,
710 3147 760 3206 sed
776 3147 874 3207 relicta
890 3147 961 3208 urbe
977 3148 1020 3207 vel
1036 3148 1141 3208 eodem
1157 3163 1231 3208 anno

176 3228 219 3287 vel
240 3228 430 3306 subsequenti
450 3229 499 3290 diu
518 3231 595 3308 apud
611 3231 796 3310 Mitylenaeos
817 3240 846 3292 et
861 3232 1079 3310 Lampsacenos
1100 3248 1233 3292 commo-

150 3335 162 3373 1
176 3321 257 3373 ratus
273 3321 325 3385 est,
341 3314 438 3374 donec
452 3332 531 3375 anno
547 3316 647 3376 aetatis
664 3316 795 3376 XXXVII
810 3317 840 3376 h.
857 3337 881 3376 e.
894 3316 938 3377 01.
958 3316 1026 3388 113,
1043 3316 1152 3376 3.-1
1168 3314 1231 3375 Chr.

162 3518 164 3522 Ι
214 3536 268 3651 2¹1)
287 3535 323 3585 De
340 3535 481 3586 Aristotele
500 3552 525 3586 v.
543 3537 614 3599 Diog.
634 3537 662 3588 L.
675 3537 711 3601 V,
728 3536 757 3600 9,
774 3538 805 3586 de
818 3536 910 3586 ceteris
923 3536 1001 3586 Plebn
1014 3536 1137 3586 Lesbiaea
1149 3552 1172 3602 p.
1186 3534 1232 3584 214

176 3627 208 3637 -
253 3618 272 3650 ι.

245 3668 269 3731 8)
284 3669 344 3719 Mihi
354 3671 478 3735 Epicurus
489 3672 587 3720 omnino
598 3672 709 3721 nonnihil
718 3671 914 3737 aPeripateticis
924 3672 1036 3722 traxisse
1046 3672 1156 3732 videtur,
1165 3670 1233 3720 velut

176 3736 200 3783 in
215 3736 306 3798 placito
319 3739 349 3787 de
362 3738 447 3787 intima
457 3738 594 3803 voluptatis
604 3747 678 3805 atque
688 3740 790 3789 virtutis
801 3741 972 3790 coniunctione
984 3740 1018 3799 (v.
1029 3740 1099 3788 locos
1109 3739 1232 3789 inHistor.

175 3801 269 3851 Philos.
280 3802 324 3853 Gr.
337 3812 363 3853 11
373 3803 443 3854 Rom.
453 3805 500 3856 No.
513 3805 559 3854 361
573 3808 628 3869 [No.
639 3806 739 3856 389111.
750 3810 809 3871 111,]
821 3809 956 3872 laudatos),
966 3806 1008 3856 ubi
1016 3815 1119 3872 practer
1129 3807 1162 3869 id,
1171 3803 1233 3871 qnod

175 3867 328 3919 Aristoteles
340 3872 467 3935 virtutem,
481 3872 604 3938 Epicurus
617 3874 771 3939 voluptatem
785 3876 927 3939 primarium
937 3890 995 3925 csse
1005 3875 1121 3940 ponebat,
1133 3880 1232 3923 senten·

176 3936 227 3984 tiae
241 3936 283 3985 vel
296 3938 327 3986 ad
341 3938 418 3988 verba
432 3942 588 4005 conspirant3
602 3943 709 4004 itemque
722 3942 746 3991 in
759 3958 802 4004 11,
820 3944 885 4008 quod
898 3938 1038 4010 φρόνησιν
1050 3957 1169 3992 summam
1181 3940 1233 3991 vir-

175 4009 254 4052 tutem
267 4004 392 4068 vitamque
407 4006 601 4072 philosophando
615 4009 722 4059 deditam
735 4011 851 4075 optimam
864 4027 922 4062 1111
935 4009 1049 4060 docebat.
