2558 4530
452 376 568 427 Lesbio
586 375 751 427 historico.
1096 371 1129 423 27

73 567 90 610 a
109 552 271 628 personato
292 545 388 625 aliquo
404 544 552 607 Hellanico
572 544 737 624 composita
757 563 833 618 esse,
848 543 1063 625 philosophiam
1080 560 1131 605 ar-

73 639 213 712 roganter
233 651 300 694 oum
326 631 451 693 historia
472 631 626 704 miscente,
647 630 810 712 eodemque
830 649 900 691 vero
923 630 1007 690 etiam
1032 647 1131 691 rerum

75 718 347 781 commenticiarum
362 724 492 779 amatore
502 715 665 796 impotenti,
680 717 759 795 qnod
771 716 916 796 significat
925 715 1048 776 Photius
1059 714 1131 775 llibl.

73 822 105 885 p.
124 805 183 865 177
204 803 359 865 Hoeschel.
398 800 516 864 Accedit
540 801 619 881 quod
638 818 734 881 neque
754 821 866 876 eorum,
892 820 966 880 quae
980 819 1015 861 er
1029 800 1132 861 iisdem

73 888 217 951 Hellanioi
237 886 416 968 Aegyptiacis
438 887 591 949 laudantur
607 886 684 967 apud
699 889 880 950 Athenaeum
895 887 944 958 Xl,
966 905 996 967 p.
1012 885 1074 946 470
1096 885 1133 959 ὓς

74 974 137 1048 XV,
151 993 181 1053 p.
198 973 260 1035 679
276 975 312 1048 F3
329 973 390 1035 686
404 974 427 1035 Β
441 973 507 1034 talis
522 973 636 1035 indoles
652 979 705 1049 est,
719 982 753 1036 ut
766 974 888 1053 antiquo
899 971 1048 1033 Hellanico
1062 969 1134 1032 illis·

76 1077 135 1140 que
148 1058 340 1140 temporibus,
354 1058 404 1121 ubi
419 1060 566 1139 Aegyptus
582 1077 685 1120 recens
700 1060 843 1140 patefacta
859 1066 928 1129 erat,
945 1055 1135 1138 probabiliter

74 1144 166 1208 tribui
180 1145 307 1224 possint
333 1145 434 1224 Neque
448 1144 507 1224 ipsi
522 1145 669 1206 Athenaeo
686 1147 867 1226 exploratum
884 1150 946 1205 erat
960 1143 996 1204 de
1007 1142 1064 1203 tide
1078 1141 1135 1203 ha-

71 1247 142 1294 rum
163 1231 461 1304 commentationum,
480 1250 507 1291 v.
527 1230 632 1291 Athen.
652 1231 726 1302 XIV,
745 1250 775 1311 p.
792 1232 854 1292 652
875 1230 899 1290 A
921 1220 1058 1314 φοίνικα
1076 1220 1134 1289 τὸν

75 1311 206 1399 καρπὸν
227 1311 285 1377 καὶ
303 1307 493 1390 Ἑλλάνικος
513 1310 667 1399 κέκληκεν
688 1310 721 1378 ἓν
742 1312 783 1400 τῇ
798 1309 847 1390 εἰς
864 1305 1039 1394 ’Ἄμμωνος
1053 1305 1134 1375 ἅνα-

75 1395 185 1483 eecce,
208 1394 239 1464 ei
260 1395 393 1485 γνήσιον
413 1396 454 1462 τὸ
475 1394 683 1483 σύγγραμμα,
709 1419 797 1479 quem
821 1400 929 1461 librum
953 1407 1066 1479 partem
1091 1398 1136 1458 vel

76 1486 271 1568 appendicem
296 1485 540 1566 Aegyptiacorum
558 1485 651 1546 fuisse
668 1485 741 1548 vidit
758 1485 816 1546 iam
831 1484 964 1546 Vossius.
996 1484 1136 1545 Eiusdem

75 1589 148 1634 vero
164 1571 286 1650 originis
297 1571 390 1632 luisse
405 1570 608 1631 affirmaverim
624 1589 676 1632 eos
688 1571 927 1642 commentarios,
943 1588 1018 1649 quos
1033 1568 1135 1631 exile-

76 1657 187 1719 rodoto
201 1663 287 1736 atque
297 1657 433 1718 bamaste
446 1655 632 1736 impudenter
646 1658 821 1736 compilatos
836 1656 930 1718 fuisse
951 1655 1039 1717 tradit
1059 1655 1135 1716 Por·

75 1741 200 1822 phyrius
219 1760 267 1822 ap.
282 1741 388 1803 Euseh.
409 1740 512 1822 Praep.
532 1743 639 1820 Evang.
655 1743 703 1815 IX,
719 1743 759 1804 39
774 1761 803 1822 p.
819 1742 882 1805 466
901 1741 924 1802 Β
943 1737 986 1802 τοὶ
1007 1741 1161 1823 puppe-a

75 1822 156 1911 ρικσλ
176 1820 303 1906 νόμιμα
321 1817 508 1889 Ἑλλανίκου
531 1821 567 1888 ἐκ
588 1824 654 1889 τῶν
671 1819 858 1912 Ἡροδότου
877 1821 937 1888 καὶ
951 1821 1134 1905 Δαμάστου

76 1908 243 1997 συνῆκται,
265 1914 344 1975 unde
358 1930 462 1974 omnes
477 1913 663 1974 vehementer
682 1915 712 1976 in
732 1914 911 1975 hellanicum
931 1911 1036 1974 invecti
1055 1918 1135 1984 sunt,

77 2005 162 2060 atrox
176 2004 254 2060 recte
273 1998 435 2060 indicantes
454 1998 569 2075 facinus
583 1999 685 2074 fuisse,
705 1999 785 2079 quod
805 1998 967 2078 aequalium
986 1996 1136 2058 volumina

76 2083 190 2146 iuratus
201 2084 241 2145 sit
255 2091 342 2163 atque
356 2085 387 2146 in
402 2103 456 2145 sua
467 2085 561 2164 ipsius
572 2085 817 2166 transscripserit,
830 2084 919 2163 idque
931 2082 994 2144 sine
1005 2083 1061 2144 ulla
1073 2082 1137 2142 dis-

78 2169 274 2231 simulatione.
298 2170 372 2231 Nam
387 2170 485 2249 primo
501 2188 618 2251 quoque
634 2171 738 2234 obtutu
751 2172 864 2234 furtum
875 2169 944 2231 illud
958 2167 1137 2249 deprehendi

76 2255 212 2335 potuisse
227 2255 299 2316 satis
315 2255 475 2316 ostendunt
489 2274 561 2335 quae
576 2275 611 2317 ex
625 2249 781 2336 νομίμοις
802 2256 868 2317 istis
888 2254 1044 2317 laudantur
1058 2253 1136 2333 apud

79 2340 201 2401 Suidam
217 2346 246 2400 et
259 2341 354 2418 Etym.
383 2340 423 2401 bl.
437 2359 463 2402 v.
480 2335 648 2420 Ζάμολξις
663 2348 831 2422 comparata
845 2359 913 2402 cum
928 2340 1079 2400 Herodoto
1090 2338 1136 2413 lv,

79 2424 131 2495 95,
146 2423 314 2502 frustraque
327 2424 526 2486 llahlmannus
540 2426 559 2487 l.
576 2445 600 2487 o.
615 2445 645 2506 p.
663 2427 723 2487 127
738 2433 768 2488 et
783 2425 932 2487 Goellerus
947 2425 978 2485 in
992 2424 1041 2485 vit.
1054 2425 1137 2486 Thu-

80 2508 143 2587 cyd.
159 2525 190 2586 p.
205 2509 247 2568 46
263 2508 491 2569 consensionem
505 2510 584 2571 illem
598 2517 777 2589 negaverunt
795 2529 860 2571 eam
882 2528 961 2579 esse,
982 2510 1062 2570 unde
1083 2509 1138 2571 tale

80 2592 151 2672 quid
164 2591 407 2667 concludaturil.
436 2595 559 2655 Tantam
574 2614 642 2658 vero
658 2595 870 2677 impudentiam
891 2594 939 2674 qui
959 2594 1017 2656 iam
1032 2593 1138 2673 priscis

78 2678 134 2740 illis
150 2677 335 2758 temporibus
349 2677 459 2751 tribuit,
475 2679 525 2742 ubi
539 2687 619 2743 tanta
630 2677 759 2763 undique
771 2679 808 2744 ad
818 2681 956 2743 homines
972 2698 1070 2742 rerum
1083 2697 1138 2741 oo-

78 2763 313 2844 gnoscendarum
333 2764 485 2826 studiosos
504 2767 641 2829 materies
664 2767 804 2831 aflluel⁰i
835 2774 869 2830 ut
887 2767 981 2847 prima
1003 2784 1137 2847 quaeque

77 2856 180 2910 notare
199 2849 376 2929 scriptisque
398 2850 514 2912 condita
534 2852 678 2932 divulgare
698 2848 812 2934 quad¹¹⁰
827 2850 958 2912 sttfflrffl
973 2852 1052 2914 *ilum
1072 2872 1136 2917 ser-

77 2934 176 2996 monis
197 2934 303 2995 addere
321 2953 428 3015 resque
453 2936 565 3016 passim
584 2934 841 3020 conquisitasnem
857 2922 1014 2982 ¹⁰V⁰⁰³¹¹di
1033 2926 1135 3001 latmi,

76 3017 205 3082 formam
230 3019 346 3080 edolare
367 3020 554 3099 mallent10),
576 3023 603 3086 is
624 3026 720 3088 videat
741 3006 939 3088 „eytemplis
956 3007 1116 3070 m³i⁰slb¹1⁸

77 3103 196 3167 Accedit
210 3104 290 3184 quod
308 3103 395 3185 longe
413 3107 600 3172 verisimilius
616 3118 661 3172 est
675 3112 813 3175 Hellanici
827 3099 970 3175 idemus?
997 3094 1033 3155 de
1056 3114 1114 3173 ‘71¹⁰

76 3197 236 3270 usurpatos
245 3208 320 3264 esse,
332 3208 419 3270 quam
430 3191 574 3257 llerodoti
585 3195 621 3258 ab
628 3197 788 3274 Hellanico;
804 3180 1051 3324 quaffiffi¹m
1057 3180 1116 3324 8er

78 3375 143 3442 qnod
159 3389 198 3440 ap.
209 3373 327 3438 Antigon.
341 3375 442 3444 Caryst.
459 3376 525 3429 illst.
538 3378 628 3431 lllirnb.
642 3398 664 3431 c.
680 3381 737 3447 126,
755 3398 817 3451 quae
830 3399 863 3434 ex
881 3345 911 3440 {d
933 3349 1011 3441 ΨΜ
1028 3349 1114 3408 certis

79 3456 155 3510 opere
166 3450 306 3508 manarunt,
318 3451 408 3495 auctor
419 3447 562 3498 nominatur
571 3443 728 3507 Ἑλλάνικος
740 3445 754 3500 ὁ
768 3446 1029 3516 Λέσβιοςῆροτυῐῐι
1042 3451 1114 3510 ope-

77 3510 172 3630 :nezrlr'tiig
184 3511 533 3645 ibpgbileltbmdaldufftibbstunt
544 3517 654 3632 v5q3s8tigia
666 3517 768 3568 dialecti
785 3518 893 3570 lonicae.
922 3516 1111 3597 [Cnealogiciffi
1128 3544 1140 3581 9

145 3647 169 3710 9)
182 3646 265 3698 Aliter
275 3596 397 3699 indiscnvit
408 3598 561 3716 sturzt'ub'p.
577 3586 678 3714 Ῑὸἓᾳὲλλ,
690 3658 717 3703 et
728 3650 874 3717 Iiruegerus
892 3656 917 3707 in
934 3638 990 3710 viti
1011 3700 1020 3712 ..

76 3715 151 3783 disp.
164 3715 207 3765 27.
236 3714 287 3766 Sed
299 3717 330 3766 de
342 3717 391 3767 tide
403 3718 477 3768 huius
494 3717 553 3768 libri
566 3726 657 3771 uenter
667 3720 798 3771 dubitavit.
1038 3749 1043 3761 ·

146 3782 187 3847 10)
201 3782 306 3902 Dionys.
319 3784 376 3835 Hal.
388 3785 420 3834 de
432 3785 545 3853 'l'bncyd
559 3787 609 3839 iud.
622 3805 645 3839 c.
658 3789 682 3840 5.
695 3785 745 3841 ἕνα
756 3788 803 3842 καὶ
820 3786 869 3844 τὸν
881 3787 966 3847 αὐτὸν
978 3793 1077 3864 φυλοὶτ.

75 3866 121 3910 τες
133 3862 252 3914 σκοτιον,
283 3862 331 3903 σαι
343 3846 510 3912 διεσώζοντο
522 3852 601 3925 παρὰ
613 3859 673 3915 τοῖς
684 3855 848 3940 ἐπιχωρίοις
857 3862 966 3931 μνῆμαι
983 3861 1052 3916 κατὰ
1064 3865 1079 3918 ἔ

75 3935 105 3972 τε
116 3918 163 4001 τισὶ
172 3914 242 3970 κατὰ
255 3915 357 4004 argilem,
371 3917 417 4002 εἶτ’
438 3918 468 4002 ly
481 3919 567 4003 ἴτροῖς
578 3921 623 3976 εἴτ’
639 3921 669 3978 ἐν
679 3925 804 3991 βεβηλοις
819 3923 1004 4001 ἀποκείμεναι
1014 3950 1110 4010 ypoqd

77 4002 179 4069 ταμτας
199 3988 239 4044 εἰς
256 4002 308 4052 την
323 4003 420 4073 κοινην
440 4005 573 4073 quamgt*
587 3993 695 4061 γνῶσιν
715 3992 866 4064 ἐξενεγκεῖν
883 3999 944 4057 οἵας
963 3973 1100 4069 nepotari.

75 4069 147 4122 μητε
158 4055 362 4124 προστιθέντες
373 4072 469 4116 curaer
481 4073 508 4109 τι
517 4074 587 4128 yeme
600 4055 793 4129 ἀφαιροῦντες.
1101 4054 1111 4079 ¹
