2558 4530
134 310 187 362 134
541 301 588 356 De
605 300 661 354 rie
679 313 780 354 sacre

133 463 213 543 quod
229 461 330 523 monui
346 461 382 521 de
392 458 513 538 palustri
525 458 631 518 horum
644 456 778 518 locorum
795 463 906 526 natura,
919 452 1033 532 egregie
1044 451 1189 513 illustran-

89 576 114 615 m
132 557 180 610 tur
194 565 296 607 versus
310 546 349 606 illi
365 552 524 625 mystarum
538 544 614 621 apud
626 541 853 620 Aristophanem
869 541 1022 600 11113111.
1039 537 1112 608 350,
1128 537 1190 616 qui-

132 633 192 728 bus
208 632 343 692 Iacchum
369 630 455 691 deum
478 636 511 689 ut
529 646 671 707 pompam
692 626 748 686 sibi
768 627 934 687 Eleusinem
954 641 1056 684 versus
1077 630 1191 702 praeeat

133 724 273 862 exclmbtd
297 793 335 860 δὲ
355 790 509 876 λαμπάδι
531 787 660 879 φέγγων
1180 805 1190 832 ⁰

235 876 408 966 προβάδην
430 871 515 982 ἔξαγ’
537 872 595 979 ἐτη)
618 871 793 962 άνθηρδν
817 869 931 939 έλεον
954 869 1139 938 δάπεδον

234 962 415 1049 χοροποιὸν
435 985 545 1045 μάκαρ
568 965 661 1046 ηβαν.

219 1053 297 1113 Haec
311 1052 387 1111 enim
404 1051 450 1110 illa
464 1050 528 1109 loca
541 1047 741 1109 famosissima
758 1053 835 1118 sunt,
851 1065 923 1124 quae
938 1045 1092 1106 nocturnis
1106 1044 1192 1106 initiis

135 1160 151 1202 a
166 1137 278 1218 mystis,
295 1143 452 1214 postquam
465 1135 600 1194 lecchum
616 1132 708 1192 secuti
722 1131 888 1191 Eleusinem
902 1138 1103 1209 pervenerant,
1120 1130 1192 1190 cele-

135 1222 308 1285 brabantur:
338 1221 417 1280 hunc
432 1219 529 1279 sinum
545 1218 665 1295 respicit
680 1216 841 1295 Sophocles
863 1216 893 1275 in
912 1214 1047 1275 versibus
1068 1215 1192 1276 notissi-

136 1306 363 1384 mishntigonae
375 1324 401 1363 v.
416 1305 493 1364 1121
508 1298 620 1380 μέδεις
629 1295 665 1363 δέ
676 1292 1194 1381 παγκοίνοιςἝλεοσινίαςΔηοῦς

136 1385 171 1455 ἐν
185 1377 371 1463 κόλποιςῶ
392 1384 537 1465 hengst:
560 1389 632 1448 haec
650 1387 746 1447 littora
765 1386 795 1445 in
816 1384 919 1472 Oedip.
940 1385 999 1445 Col.
1020 1403 1046 1444 1.
1073 1385 1154 1445 1052
1172 1375 1194 1484 η’

138 1472 224 1557 πρδς
244 1465 457 1550 flecterem)
480 1463 503 1554 ἢ
523 1465 696 1551 λαμπάσιν
719 1462 843 1546 άκταῖς,
866 1473 902 1532 οὑ
925 1463 1070 1530 Πότνιαι
1094 1486 1194 1547 σεμνα

137 1556 352 1644 τιθηνοῦνται
374 1553 446 1640 τέλη
469 1556 657 1619 θνατοῖσιν;
679 1556 733 1617 has
750 1556 874 1634 denique
889 1555 1023 1632 regiones
1039 1554 1193 1633 Euripides

138 1647 167 1706 in
184 1647 255 1705 lone
270 1663 296 1704 1.
315 1643 397 1704 1874
413 1661 495 1720 seqq.
511 1642 645 1702 versibus
661 1640 918 1719 praeclarissimis,
934 1638 983 1700 nbi
1005 1657 1127 1698 omnem
1142 1656 1194 1698 na-

138 1739 233 1791 turam
256 1736 418 1805 cunctaque
443 1726 574 1797 numina,
596 1733 743 1804 quotquot
762 1744 815 1804 per
835 1726 958 1796 coelum,
975 1742 1027 1804 per
1039 1742 1128 1792 mare,
1143 1742 1194 1802 per

138 1813 243 1876 fluvios
276 1812 455 1892 pertineant,
484 1810 684 1871 sanctissimas
706 1810 768 1870 illas
789 1809 978 1870 caerimonias
999 1809 1193 1888 laetitiamque

139 1905 299 1978 mystarum
317 1895 488 1975 participare
504 1894 587 1973 lingit
602 1894 819 1955 exsultabunda.

224 1983 265 2043 be
280 1980 480 2041 monumentis
495 1997 549 2058 per
563 1979 639 2039 hanc
653 1987 831 2057 postremam
848 1978 908 2038 viae
919 1985 1032 2057 partem
1046 1995 1193 2037 memora-

139 2066 245 2127 bilibus
261 2065 362 2144 paucis
378 2064 497 2142 defungi
512 2064 586 2124 licet.
618 2065 699 2136 Quae
720 2083 736 2123 a
752 2064 895 2124 Pausania
910 2071 1051 2124 notantur
1063 2061 1193 2140 sepulcra

139 2151 285 2228 Eumolpi,
300 2148 532 2226 Hippothoontis
548 2154 576 2208 et
597 2148 710 2208 Zarecis
733 2147 883 2208 cuiusdam
904 2149 1015 2226 antiqui
1032 2147 1146 2218 musici,
1162 2165 1192 2206 ea

139 2252 218 2294 nunc
233 2251 294 2293 non
309 2239 434 2306 exstant3
450 2240 479 2293 at
493 2232 680 2293 inveniuntur
694 2251 749 2310 pro
766 2233 806 2293 eis
822 2234 885 2306 alia,
905 2253 978 2312 qnae
993 2233 1039 2293 ille
1054 2249 1116 2292 non
1131 2251 1192 2292 me-

139 2317 271 2378 moravit.
315 2316 448 2376 Primum
477 2336 511 2377 eo
527 2318 602 2390 loeo,
621 2317 671 2378 ubi
691 2318 745 2378 iter
764 2318 795 2377 in
815 2318 924 2379 bivium
940 2317 1091 2390 scinditur,
1112 2317 1193 2377 cuins

141 2403 262 2463 alterum
282 2400 432 2461 brachium
452 2402 544 2463 tendit
564 2421 666 2464 versus
686 2403 823 2482 Pythium
844 2410 872 2463 et
898 2403 1057 2474 Boeotiam,
1081 2409 1195 2463 exstant

96 2501 122 2542 14
140 2487 244 2548 rudera
260 2486 385 2565 sepulcri
401 2487 544 2549 Stratonis
561 2488 721 2560 cuiusdam,
737 2489 794 2548 hoc
808 2487 891 2548 titulo
909 2488 1016 2548 ornati:
1041 2481 1195 2563 Στράτων

137 2563 297 2634 Ἰσιδότου
309 2569 678 2656 Κοδαθηναῖος,Πιῦλλα
689 2564 869 2635 Μουνατία
877 2563 1065 2653 Ἡρακλεία,
1073 2563 1194 2633 Ἰσίδα-

139 2676 196 2730 τος
222 2652 413 2733 Στράτωνος
438 2656 691 2739 Κνδαδηναῖος,
719 2664 837 2717 auctore
864 2657 971 2717 Leahio
996 2657 1031 2716 de
1052 2656 1146 2717 demis
1167 2675 1193 2735 p.

143 2743 202 2800 141
218 2741 425 2801 ed.Westerm.
451 2741 526 2801 Hinc
541 2741 585 2801 via
600 2740 750 2819 aggeribus
767 2742 903 2820 utrinque
918 2741 1060 2821 appositis
1076 2749 1194 2802 susten·

140 2832 227 2894 tatur,
248 2831 370 2900 propter
389 2824 548 2900 palustrem
570 2825 704 2885 locorum
724 2834 864 2887 naturam.
896 2827 1034 2906 Sequitur
1049 2825 1127 2887 aliud
1147 2845 1193 2886 se-

140 2908 275 2986 pulerum
292 2907 321 2966 in
334 2907 487 2968 ruderibus
503 2908 638 2986 antiquae
653 2909 788 2970 ecelesiae
803 2911 962 2983 inclusum,
979 2910 1194 2988 cuiusinscrip-

139 2992 249 3052 tionem
276 2991 407 3051 versibus
435 3011 605 3070 expressam
638 3012 673 3054 011
701 2993 864 3056 Chandlero
897 3004 967 3076 post
1001 2996 1074 3057 alios
1106 2995 1194 3056 edidit

140 3074 305 3136 Boeckhius
321 3074 350 3134 in
366 3074 452 3154 Corp.
467 3077 559 3137 lnscr.
576 3077 636 3138 Vol.
652 3079 674 3150 Ι,
691 3097 739 3139 no.
755 3082 813 3141 401
828 3100 834 3141 :

228 3155 358 3242 Μνῆμα
379 3152 455 3221 τόδ’
477 3155 642 3246 ὑψιφανές
657 3161 767 3246 Δηοῦς
791 3157 947 3245 ζακάροιο
970 3159 1132 3246 δέδορκας

309 3237 425 3322 μυρίον
445 3239 480 3307 έν
502 3241 603 3332 σοφίη
626 3245 725 3321 κῦδος
746 3243 966 3329 ἐνεγκαμένου,

226 3348 264 3402 ος
277 3326 409 3404 τελετάς
431 3322 572 3416 άνέφηνε
585 3329 643 3394 καὶ
666 3324 762 3414 ὄργια
784 3328 930 3412 πάννυχα
952 3327 1094 3413 μάσταις

139 3495 203 3547 from
220 3498 315 3548 Athens
328 3506 353 3548 10
366 3498 467 3562 Megara
478 3526 512 3536 -—
524 3500 548 3549 in
563 3502 634 3550 three
647 3502 723 3551 honrs
735 3516 774 3550 we
800 3502 903 3551 entered
921 3503 962 3550 the
980 3500 1111 3551 Thriasion
1129 3505 1195 3569 plain

142 3565 183 3624 (m.
202 3565 267 3614 Maio
287 3569 379 3628 extr),¹
390 3569 432 3617 the
450 3565 549 3617 snrfaee
566 3566 594 3617 of
609 3569 688 3617 which
707 3584 759 3618 wcs
777 3570 1194 3638 1311053101111111011311-00-

142 3631 228 3681 loured
241 3648 368 3699 anemone,
381 3632 488 3697 forming
499 3651 530 3684 en
544 3638 673 3699 expanded
687 3638 766 3686 tissue
779 3635 808 3686 01
817 3639 857 3687 the
868 3638 962 3686 richest
975 3639 1044 3686 hnes.

209 3699 249 3760 27)
267 3699 375 3751 Leahius
388 3704 418 3751 de
431 3704 493 3753 dem.
512 3718 535 3767 p.
550 3702 597 3751 147
616 3704 639 3751 in
656 3703 752 3770 Pythiis
768 3705 824 3754 istis
837 3699 933 3760 ἀκταῖς
953 3706 1047 3767 cogitet
1059 3706 1089 3755 de
1101 3707 1194 3770 templo

142 3766 265 3831 Apollinis
277 3769 334 3816 olim
348 3769 371 3816 in
385 3768 440 3818 loco
450 3770 598 3819 monasterii
611 3770 726 3836 Daphnee
740 3773 797 3822 sito.
833 3773 996 3835 cogitandum
1015 3789 1075 3822 vero
1094 3775 1125 3822 de
1144 3775 1195 3839 Py·

143 3834 194 3882 thio
216 3848 292 3898 prope
313 3834 424 3897 0enoen‚
446 3853 471 3886 1.
493 3836 602 3885 Philoeh.
624 3853 648 3903 p.
673 3838 719 3899 283
743 3839 775 3888 84
799 3840 837 3889 ed.
858 3842 933 3903 81011,
952 3841 1045 3890 Scholl.
1065 3840 1193 3906 Aristoph.

139 3898 258 4032 ηιηείηη9
271 3899 317 3962 58;
341 3900 434 3965 Reisig.
456 3918 540 3954 enarr.
557 3903 644 3970 Oedip.
666 3905 720 3961 Col.
737 3922 761 3971 p.
778 3907 925 3978 cxxxiv,
944 3908 974 3957 0.
998 3909 1114 3958 Mueller.
1133 3910 1193 3959 Dor.

151 4001 158 4030 ,
188 4003 194 4016 .
260 4003 266 4017 .

1139 4066 1149 4096 1
