2558 4530
188 395 241 448 130
611 393 658 445 De
677 390 858 444 viesacre

186 551 338 613 montibus
357 549 493 627 utrinque
515 546 653 627 praecisis
674 564 726 627 per
745 546 846 606 fauces
867 546 1050 623 angustiores
1077 546 1166 608 ducta
1189 554 1245 620 est;

147 656 158 694 r
187 655 240 716 per
255 655 327 715 quas
347 654 413 696 cum
436 634 539 694 unicus
562 652 596 693 ex
617 650 720 710 campo
739 631 872 691 Thriasio
893 630 988 690 aditus
1010 639 1133 710 pateret,
1149 650 1198 692 ars
1213 632 1245 692 ad

185 722 366 783 munimenta
381 727 501 780 naturae
520 717 657 789 accessit,
677 716 832 777 moenibus
848 723 876 776 et
890 715 1020 776 turribus
1036 735 1089 795 per
1101 718 1244 778 montium

184 808 251 885 iuga
266 806 427 884 dispositis,
443 822 569 882 quorum
584 801 721 880 reliquiae
736 809 765 862 et
779 801 970 861 fundamenta
985 801 1072 861 etiam
1087 820 1170 862 nunc
1180 802 1245 863 hinc

184 893 262 953 illinc
277 891 499 970 conspiciuntur
511 893 519 929 ¹
530 890 568 963 0).
598 888 632 948 ln
648 887 773 948 summis
787 885 930 959 faucibus,
946 885 997 946 ubi
1013 887 1105 947 saltus
1121 888 1244 947 maxime

186 984 342 1050 coartatur,
365 973 577 1036 monasterium
597 973 735 1051 Daphnae
756 972 843 1032 situm
864 979 917 1044 est,
938 972 1017 1050 quod
1039 979 1156 1033 constat
1171 972 1243 1033 inter

185 1081 289 1122 omnes
305 1079 420 1122 servare
434 1060 539 1120 rudera
555 1058 617 1118 eius
633 1058 722 1128 aedis,
738 1076 826 1136 quam
847 1056 1007 1118 Pausanias
1023 1056 1160 1134 perhibet
1174 1075 1242 1118 con·

184 1148 309 1208 tinuisse
324 1146 407 1224 signa
423 1142 545 1216 Cereris,
561 1142 763 1220 Proserpinae,
779 1142 924 1202 Minervae
939 1148 968 1200 et
978 1141 1132 1219 Apollinis,
1144 1142 1242 1221 primi-

185 1239 232 1292 tus
252 1250 321 1292 vero
342 1230 397 1291 soli
412 1227 537 1308 Apollini
558 1246 574 1286 a
595 1227 713 1305 Cephali
734 1226 861 1305 posteris
888 1226 1011 1287 dicatam
1031 1226 1139 1301 fuisse;
1164 1226 1241 1287 cuius

185 1316 306 1377 aedilicii
326 1334 392 1376 cum
413 1333 437 1374 a.
462 1312 539 1373 1801
563 1319 623 1373 tres
644 1311 796 1372 columnae
813 1311 925 1371 ordinis
949 1310 1039 1370 lonici
1056 1318 1242 1390 superessent

184 1402 215 1462 in
230 1401 353 1480 parietes
368 1397 537 1459 monasterii
550 1397 687 1468 inclusae,
703 1414 783 1456 nunc
791 1396 820 1455 in
830 1396 930 1456 Museo
939 1395 1108 1457 Britannico
1121 1395 1243 1458 Londini

185 1493 381 1556 asservantur,
398 1502 450 1562 per
462 1482 597 1561 Elginum
609 1488 832 1559 transportatae.
859 1480 1015 1558 Templum
1031 1483 1102 1542 satis
1115 1482 1240 1561 amplum

184 1571 277 1630 fuisse
292 1571 400 1630 iudicat
419 1567 557 1634 Leahius‚
572 1567 708 1644 idemque
727 1564 905 1637 monasterii,
921 1565 1003 1625 cuius
1019 1565 1119 1644 ipsum
1135 1583 1240 1627 nomen

185 1655 331 1731 antiquam
347 1651 489 1731 Apollinis
505 1650 672 1727 religionem
690 1651 803 1728 prodit,
828 1649 1051 1710 architecturam
1071 1652 1159 1712 talem
1180 1669 1241 1712 esse

184 1739 286 1805 refert,
318 1744 351 1796 ut
381 1735 564 1812 temporibus
595 1733 763 1812 regulorum
784 1735 1007 1807 Francicorum,
1040 1736 1090 1813 qui
1121 1735 1239 1797 Athenis

185 1840 259 1882 saec.
293 1820 358 1880 Xlll
377 1855 418 1864 -
434 1819 483 1879 XV
513 1817 751 1892 dominabantur,
784 1819 964 1879 aedificatum
1003 1838 1068 1880 esse
1102 1821 1237 1881 videatur.

183 1907 255 1967 lnde
284 1907 374 1967 saltus
400 1923 503 1965 versus
530 1922 611 1964 oram
638 1904 813 1964 maritimam
840 1904 1019 1977 extenditur,
1047 1904 1120 1965 locis
1154 1905 1239 1966 decli·

184 1992 266 2052 vibus
288 1991 457 2068 sensimque
480 1989 510 2049 in
530 1988 689 2050 convallem
712 1989 888 2068 apertiorem
913 1988 1051 2063 dilatatis,
1076 1997 1239 2051 torrentea

183 2076 361 2137 monasterio
378 2068 532 2149 defluente,
553 2093 640 2153 quem
658 2075 790 2152 sequitur
804 2073 857 2146 via,
880 2073 1013 2152 praeciso
1029 2093 1045 2135 a
1059 2075 1137 2135 laeva
1153 2092 1240 2134 manu

182 2162 291 2239 pariete
312 2161 421 2220 montis
444 2166 541 2219 strata.
572 2158 660 2219 Cuius
681 2159 798 2236 vestigia
819 2159 844 2218 si
865 2177 996 2237 sequare,
1012 2159 1048 2219 ad
1064 2159 1116 2220 alia
1133 2158 1238 2238 antiqui

183 2245 297 2305 delubri
320 2245 425 2305 rudera
446 2244 574 2313 duceris,
592 2244 670 2321 quod
692 2251 771 2322 patet
785 2245 963 2322 respondere
982 2245 1093 2322 templo
1113 2245 1238 2314 Veneris,

183 2349 199 2388 a
220 2331 361 2390 Pausania
385 2335 454 2407 post
473 2329 616 2406 templum
632 2329 773 2407 Apollinis
795 2334 1034 2389 commemorato.
1079 2329 1151 2391 Aliis
1167 2330 1237 2390 idern

182 2433 297 2475 sacrum
314 2414 475 2494 appellatur
488 2408 527 2475 τὰ
538 2406 689 2485 Φίλαιον,
705 2413 814 2492 quippe
827 2412 923 2474 Philae
936 2412 1049 2485 Veneri,
1064 2414 1150 2476 divae
1159 2412 1237 2477 uxori

182 2499 316 2562 Demetrii
339 2499 483 2573 Phalerei,
502 2498 538 2558 ab
557 2498 712 2559 Adimanto
732 2498 933 2575 Lampsaceno
954 2497 1129 2570 dedicatum,
1151 2519 1177 2560 v.
1197 2507 1235 2560 te·

180 2585 318 2645 stimonia
338 2584 485 2645 variorum
506 2602 552 2660 ap.
574 2583 668 2643 Athen
685 2581 733 2653 Vl,
760 2603 788 2660 p.
805 2582 866 2642 252
891 2582 944 2659 [cll.
965 2582 1064 2642 Rossii
1085 2583 1235 2645 Helleuicis

180 2670 203 2739 l,
220 2670 287 2744 531:
305 2688 378 2745 quae
394 2668 603 2727 confirmantur
618 2685 669 2739 eo,
686 2666 762 2743 quod
779 2685 873 2744 prope
891 2667 973 2727 abest
987 2685 1077 2745 rupes
1096 2687 1164 2730 cum
1180 2668 1232 2729 cel·

180 2751 246 2811 lulis
266 2753 380 2824 incisis,
400 2751 504 2828 quibus
526 2750 645 2811 donaria
666 2751 735 2811 olim
755 2751 968 2825 condebantur,
987 2752 1066 2812 velut
1086 2752 1233 2813 columbae

180 2848 365 2895 marmoreae
389 2835 516 2913 aliaeque
539 2833 567 2893 id
593 2852 685 2912 genus
712 2835 919 2913 imagunculae,
947 2855 1074 2914 quarum
1098 2838 1235 2899 nonnulla

141 2937 153 2975 e
181 2919 313 2996 exempla
332 2919 439 2979 ibidem
459 2925 574 2997 reperta
594 2928 678 2991 sunt,
702 2920 807 2997 quibus
827 2919 883 2981 sub
907 2922 1014 2981 cellulis
1030 2922 1233 3001 inscriptiones

180 3003 442 3072 suntoblitteratae,
457 3003 1233 3083 assoeehhiotractataeinCorp.lnscr.no.507—509,

179 3106 303 3166 quarum
317 3106 375 3148 une
390 3088 476 3147 habet
492 3088 562 3148 haec
576 3089 697 3149 nomina
711 3082 796 3174 dltp
817 3081 1009 3175 Ἀφροδίτῃ,
1033 3092 1121 3152 altera
1138 3100 1232 3154 osten·

178 3172 220 3232 dit
232 3191 341 3233 nomen
354 3171 793 3251 Pytlrionicae11),tertiahaec
810 3176 895 3235 verba
908 3166 1042 3257 Ἀνδρία
1053 3167 1231 3260 Ἀφροδίτῃ

178 3249 344 3341 εὐξαμένη,
367 3265 400 3317 ut
421 3256 497 3317 idem
517 3258 600 3318 locus
620 3259 708 3318 variis
731 3260 890 3320 Veneribus
918 3279 1000 3321 sacer
1023 3261 1119 3322 fuisse
1142 3262 1231 3323 videa-

177 3345 293 3413 tur12l.
328 3343 484 3421 Templum
507 3343 620 3404 ordinis
641 3343 737 3404 Dorici
756 3344 819 3418 fuit,
839 3344 934 3406 iudice
954 3345 1133 3422 heericu).
1164 3349 1231 3408 Ante

247 3475 285 3536 10)
304 3475 357 3524 lluc
373 3485 486 3543 spectant
504 3493 566 3543 quoe
581 3478 700 3540 leguntur
717 3496 756 3560 ap.
769 3479 896 3530 Plutarch.
909 3480 989 3531 Alcib.
1007 3481 1040 3530 34
1053 3478 1108 3551 ἀφ’
1131 3469 1165 3533 οὗ
1180 3478 1230 3551 γὰρ

176 3539 356 3608 ἐπετειχίσθη
369 3547 501 3598 Δεκέλεια
512 3547 558 3595 καὶ
581 3547 646 3597 τῶν
664 3548 712 3602 εἰς
738 3549 907 3600 Eteoclea
925 3545 1089 3620 παρόδων
1102 3545 1230 3621 ἐκράτουν

175 3609 349 3727 ἓὶἇνολέμιοι
362 3609 509 3681 παρόντες,
522 3608 624 3666 οὐδένα
637 3610 748 3683 κόσμον
760 3613 833 3683 εἶχεν
845 3611 860 3680 ἡ
874 3615 965 3683 τελετὴ
980 3619 1154 3687 πεμπομένη
1166 3610 1228 3669 κατὰ

198 3693 215 3726 α
234 3694 318 3727 aaran
330 3685 379 3730 etc.

246 3745 284 3805 11)
297 3743 356 3795 lude
369 3748 439 3798 multi
451 3748 527 3798 etiam
540 3749 681 3813 sepulcrum
695 3749 856 3815 Pythionicae
870 3753 916 3802 hoc
933 3752 957 3802 in
976 3752 1031 3802 loco
1045 3755 1229 3818 quaesiverunt,

176 3812 240 3875 quod
252 3813 314 3861 satis
327 3822 422 3865 certum
441 3822 482 3866 est
499 3816 522 3864 in
541 3816 647 3866 introitu
659 3819 737 3882 campi
750 3817 910 3869 Atheniensis
923 3821 997 3870 situm
1009 3818 1100 3870 luisse.

245 3877 285 3939 12)
305 3880 363 3942 [Sed
376 3880 440 3934 conf.
454 3882 569 3932 liossium
582 3885 606 3933 in
619 3885 756 3935 Annalibus
768 3885 879 3937 instituti
891 3888 1017 3939 archaeol.
1030 3887 1060 3939 Τ.
1073 3888 1133 3952 XV,
1146 3904 1170 3956 p.
1183 3883 1227 3937 ³28

176 3950 202 3993 et
215 3943 393 4010 Goettlingium
408 3949 575 4000 Gesammelte
587 3952 783 4015 Abhaudlungen
797 3971 819 4020 p.
835 3955 933 4021 Illoq]

245 4011 284 4072 13)
303 4014 373 4077 [Ero.
389 4016 490 4067 Curtius
501 4033 529 4067 se
541 4018 575 4067 ibi
587 4019 721 4083 capitulum
734 4021 852 4072 Doricum
869 4036 1034 4074 marmoreum
1047 4024 1156 4090 optimae
1167 4021 1226 4075 eeu·

174 4081 317 4145 repperisse
328 4090 439 4134 testatur
450 4085 481 4134 de
493 4085 614 4151 portubus
626 4087 717 4138 Athen.
730 4103 753 4154 p.
767 4088 791 4155 2,
804 4096 855 4141 not.
871 4091 901 4155 1.]
