2558 4530
450 308 578 362 Lesbio
601 307 776 362 historico.
1122 307 1157 361 bo

96 473 300 544 praeterquam
317 464 395 542 quod
408 463 598 524 manifestum
611 471 664 534 est,
680 464 855 542 scriptorem
869 481 992 541 prorsus
1006 463 1092 524 aliam
1108 483 1156 525 ra-

95 552 207 611 tionem
223 551 253 610 in
269 550 361 610 altero
377 555 510 609 secutum
526 568 601 620 esse,
616 549 701 608 aliam
716 549 746 607 in
763 549 862 608 altero.
893 547 961 608 Sine
976 548 1063 608 dubio
1080 550 1156 610 mul·
1172 571 1199 614 ao

95 644 142 696 tae
164 654 211 695 res
233 652 408 694 communes
429 642 511 693 erant
530 634 694 694 Phoronidi
715 642 744 692 et
761 632 983 704 Sacerdotibus3
1003 634 1053 692 sed
1079 634 1155 694 idem

96 720 174 780 cadit
188 720 217 779 in
232 719 472 788 Deucalionem,
495 719 524 777 in
544 717 663 788 Troica,
684 736 811 794 quorum
831 723 1001 793 argumenta
1022 735 1056 776 ex
1075 727 1156 796 parte

94 805 303 881 repetebantur
314 804 344 862 in
360 803 579 873 Sacerdotibus,
594 821 689 880 neque
705 803 827 860 omnino
843 819 941 861 rerum
959 801 1070 860 delectu
1086 820 1156 880 pro-

94 890 204 966 prietas
219 889 307 948 huius
324 888 421 965 operis
437 886 615 947 aestimanda
631 895 684 955 est,
700 888 750 946 sed
768 886 821 957 via,
837 904 894 963 qua
910 887 940 946 in
954 884 1043 945 rebus
1055 885 1157 965 dispo-

94 973 202 1032 nendis
223 991 296 1032 usus
315 979 389 1042 erat,
411 970 626 1049 chronologica.
669 972 789 1031 Videtur
809 972 886 1030 enim
908 970 993 1048 quasi
1014 987 1157 1031 canonem

94 1057 150 1117 sibi
166 1058 315 1127 fundasse,
332 1075 389 1135 quo
406 1075 477 1133 quae
493 1057 595 1116 ceteris
611 1055 692 1116 libris
707 1056 864 1131 separatim
880 1063 1000 1115 tractata
1013 1063 1104 1124 erant,
1121 1057 1156 1115 ad

94 1160 188 1202 unum
206 1150 397 1219 conspectum
414 1151 547 1217 certaque
559 1151 726 1219 temporum
739 1140 883 1200 intervalla
896 1148 1156 1217 componerentur.

94 1227 158 1298 Qua
173 1227 202 1285 in
218 1244 250 1286 re
265 1234 405 1303 quantum
421 1245 456 1284 ex
476 1225 548 1303 ipsis
569 1225 756 1285 sacerdotum
776 1225 881 1284 tabulis
902 1231 1016 1302 praeter
1035 1225 1156 1285 nomina

94 1329 295 1388 numerosque
309 1327 466 1378 annorum,
485 1309 591 1388 quibus
611 1310 724 1384 singula
745 1308 906 1369 sacerdotia
923 1309 1001 1368 linita
1016 1317 1108 1379 erant,
1125 1309 1155 1369 in

94 1414 181 1455 suurn
196 1413 283 1455 usum
301 1394 490 1465 converterit,
509 1394 624 1453 difficile
646 1395 724 1453 dictu
743 1400 797 1453 est.
830 1393 941 1453 Credas
960 1400 1058 1452 tamen
1078 1394 1155 1454 anti-

94 1480 198 1557 quiora
213 1478 340 1538 maxime
350 1487 484 1554 tempora
500 1485 529 1536 et
543 1497 591 1537 eas
605 1477 716 1536 fabulas
732 1485 819 1550 atque
830 1477 1012 1547 traditiones
1032 1495 1106 1553 quae
1120 1479 1154 1537 ad

94 1565 220 1640 Argivos
232 1563 464 1639 Argivorumque
479 1580 558 1621 sacra
575 1568 685 1621 etcum
702 1561 808 1621 exteris
824 1560 992 1621 nationibus
1008 1579 1157 1621 commer-

95 1648 139 1709 cia
154 1647 343 1726 pertinerent,
359 1647 394 1706 ad
411 1665 497 1705 usum
512 1647 683 1724 logographi
703 1645 738 1706 ab
754 1646 827 1724 ipsis
849 1644 1049 1705 sacerdotibus
1070 1664 1155 1724 prae-

94 1740 193 1810 parata
209 1731 310 1802 fuisse,
328 1739 360 1791 ut
374 1739 443 1790 sunt
457 1731 487 1790 in
503 1731 598 1790 fabula
613 1731 670 1798 lus,
687 1731 796 1800 Persei,
813 1729 953 1799 Herculis,
970 1731 999 1789 in
1012 1739 1154 1790 stemma-

92 1817 130 1878 tis
146 1816 392 1886 Phoronidarum‚
409 1834 482 1894 quae
496 1816 611 1875 doctam
628 1816 772 1893 quandam
786 1814 911 1893 speciem
926 1832 995 1893 prae
1006 1833 1038 1874 se
1051 1815 1154 1887 ferant,

93 1902 198 1980 partim
213 1900 461 1978 chronologicam,
477 1900 583 1979 partim
600 1901 822 1978 geographicanr
839 1908 927 1976 atque
942 1899 1154 1976 ethnographi·

93 2006 155 2046 carn
166 1988 178 2025 ⁶
188 1988 227 2061 ⁷),
242 2004 364 2063 eamque
379 1985 476 2058 talem,
488 1994 593 2045 utnon
606 2005 641 2044 ex
657 1987 856 2062 posteriorum
869 1983 1048 2060 scriptorum
1062 1984 1153 2043 inter-

93 2071 305 2148 pretationibus
323 2078 394 2140 orta,
411 2070 461 2129 sed
478 2069 551 2144 ipsis
566 2070 621 2129 illis
636 2069 805 2129 fictionibus
821 2068 907 2128 insita
923 2076 952 2126 et
963 2086 1028 2127 vera
1040 2067 1154 2127 indoles

94 2173 194 2215 earum
215 2174 281 2215 esse
301 2154 442 2213 videatur.
480 2153 558 2214 Talia
578 2154 758 2214 Hellanicum
776 2154 805 2213 in
821 2171 872 2212 sua
889 2152 1037 2212 volumina
1052 2161 1154 2212 trans·
1170 2175 1197 2215 ιο
1228 2226 1233 2232 ὁ

93 2241 250 2316 scripsisse
266 2238 447 2305 crediderim,
461 2240 515 2298 *sed
532 2238 679 2298 addidisse
694 2239 818 2316 plurima
834 2256 959 2315 eumque
975 2237 1004 2296 in
1020 2237 1152 2307 modurn,

91 2332 125 2385 ut
140 2324 299 2401 angustior,
315 2341 372 2400 equo
389 2323 563 2398 Argivorum
580 2323 674 2382 studia
691 2323 924 2392 continebantur,
942 2321 1021 2380 orbis
1037 2322 1073 2381 ad
1089 2340 1152 2381 am·

91 2409 186 2469 bitum
208 2407 294 2482 longe
309 2406 493 2481 ampliorem,
515 2424 573 2482 qno
590 2406 803 2465 diversissimae
823 2414 935 2482 gentes,
957 2413 1064 2474 terrae,
1085 2425 1154 2466 aeva

92 2490 421 2567 comprehenderentur,
445 2496 619 2565 patesceret,
636 2489 761 2565 denique
777 2496 810 2547 ut
826 2489 995 2548 universalis
1012 2491 1153 2566 quaedam

91 2575 225 2643 historia,
243 2573 334 2652 qualis
350 2573 467 2650 quidem
483 2572 518 2631 ah
534 2572 681 2632 Hellanieo
697 2572 772 2631 ellici
788 2578 909 2648 poterat,
925 2571 1154 2633 adumbraretur.

180 2659 371 2737 Singulorum
385 2656 530 2717 librorum
545 2665 715 2734 argumenta
731 2663 817 2735 atque
836 2656 978 2715 terminos
999 2655 1023 2715 si
1040 2657 1155 2735 quaeri-

120 2813 292 2820 --...-...-—-.

160 2858 202 2919 67)
220 2858 281 2906 Eius
294 2859 394 2921 generis
407 2867 465 2908 sunt
477 2875 539 2924 quae
558 2860 588 2908 de
600 2858 641 2908 lus
658 2857 716 2920 fuga
734 2865 869 2907 narrantur
881 2859 960 2923 deque
978 2860 1152 2923 procreatione

91 2927 194 2990 Epaphi,
209 2925 325 2991 Aegypti,
343 2927 434 2992 Danai,
451 2930 481 2976 de
499 2927 584 2976 Persei
601 2924 661 2976 fatis
679 2935 740 2986 etc,
761 2943 824 2992 quae
841 2942 870 2974 eo
888 2932 1001 2991 tempore
1020 2927 1076 2976 licta
1094 2943 1152 2976 esso

90 3001 160 3059 puto,
173 3009 221 3058 qno
237 2993 348 3043 Orientis
362 3010 415 3058 res,
434 3011 480 3060 per
498 2995 635 3044 Phoenices
653 2996 773 3056 rriaxime‚
792 2995 897 3044 Graecis
914 2998 1018 3058 primum
1035 2996 1152 3044 innotue-

90 3069 162 3119 runt,
181 3062 334 3126 potissimum
348 3063 464 3124 Argivis,
481 3063 623 3126 quibuscum
642 3062 805 3112 Phoenicibus
819 3070 877 3111 tunc
888 3062 1019 3126 plurimum
1032 3078 1154 3112 commer-

90 3130 155 3178 cium
169 3137 237 3190 erat,
251 3145 273 3178 v.
285 3131 376 3178 llerod.
392 3132 470 3191 initio,
482 3133 653 3185 Φοίνικας-
668 3127 873 3196 ἀπαγινέοντας
886 3133 990 3197 φορτία
1004 3125 1152 3212 Αἰγύπτιά

89 3196 177 3246 τεκαὶ
192 3191 325 3264 Ἀσσύρια
341 3198 372 3266 τῇ
386 3214 414 3248 τε
430 3191 497 3267 ἄλλῃ
511 3193 590 3266 χώρῃ
603 3196 822 3248 ἐσαπικνέεσθαι
838 3199 884 3247 καὶ
897 3193 931 3261 dp
944 3200 990 3246 καλ
1007 3195 1034 3253 ἐς
1053 3193 1151 3263 Άογος.

89 3261 122 3312 τὸ
136 3261 167 3313 δὲ
183 3256 280 3331 Ἄργος
292 3266 393 3317 τοῦτον
404 3264 454 3316 τὸν
462 3263 569 3332 χρόνον
582 3269 697 3332 προεῖχε
714 3260 806 3315 ἅπασι
819 3267 872 3315 τῶν
889 3264 919 3316 ἐν
936 3265 968 3334 τῇ
980 3266 1031 3316 νῦν
1040 3260 1153 3316 Ἑλλάδι

90 3332 245 3400 καλεομένῃ
254 3328 346 3402 χώρῃ,
371 3351 434 3400 qnae
452 3336 473 3382 si
493 3350 539 3381 non
558 3335 587 3381 de
601 3332 682 3382 Inachi
695 3341 770 3399 atque
783 3333 823 3383 lus
837 3335 1003 3397 temporibus,
1025 3340 1106 3381 temen
1121 3333 1151 3381 de

90 3399 123 3447 iis
137 3401 250 3463 optimam
264 3401 336 3450 fidem
350 3403 452 3465 hubent,
465 3403 495 3450 de
509 3402 597 3467 quihus
610 3417 688 3465 nnper
704 3403 879 3449 disseruerunt
896 3401 1034 3448 boeclhius
1053 3400 1151 3462 Disqui·

90 3467 145 3514 siit.
164 3469 295 3531 metrolog.
315 3485 338 3533 p.
357 3470 448 3534 33sqq.
466 3478 492 3518 et
509 3469 555 3518 du.
569 3468 706 3516 Muellerus
720 3470 743 3515 in
757 3483 825 3515 cens.
838 3468 922 3528 operis
937 3466 1042 3513 Boechh.
1061 3466 1151 3526 Notitt.

88 3534 142 3584 litt.
156 3532 266 3597 Gotting.
285 3537 356 3598 1839,
372 3554 394 3585 n.
408 3539 440 3584 94
450 3544 476 3584 et
489 3536 530 3584 95.
561 3535 653 3582 Eodem
670 3537 781 3598 pertinet
798 3535 862 3597 quod
879 3530 962 3580 fabula
975 3531 1090 3581 Herculis
1104 3533 1152 3582 Ar-

89 3603 141 3664 givi
164 3618 217 3651 eum
236 3605 316 3651 sacris
333 3603 433 3652 lunonis
454 3603 655 3651 coniunctissima
674 3608 725 3659 est,
748 3597 778 3649 cl'.
797 3600 912 3664 Apollud.
930 3598 957 3660 ll,
976 3600 999 3659 5,
1013 3599 1028 3646 9
1041 3615 1103 3664 sqq,
1126 3609 1152 3650 et

89 3670 280 3731 chronologicas
298 3672 359 3718 aden
377 3672 493 3734 quasdam
514 3670 625 3718 rationes
639 3669 765 3731 seqnitur,
782 3683 805 3716 v.
822 3667 937 3731 Apollod.
952 3664 983 3728 ΙΙ,
997 3666 1051 3727 4,9
1073 3666 1102 3718 ἐν
1120 3665 1151 3719 δὲ

88 3740 150 3792 τοῖς
172 3738 329 3800 βουκολίοις
349 3733 485 3802 ὑπάρχων
501 3734 752 3796 ὀκτωκαιδεκαέτης
772 3730 820 3785 τὸν
836 3729 1044 3798 Κιθαιρώνειον
1060 3731 1151 3787 ἀνεῖλε

88 3804 233 3866 λέονταλλ,
247 3808 276 3866 5,
292 3806 318 3853 ll
339 3805 525 3855 τελεσθέντων
543 3804 573 3853 δὲ
591 3803 646 3855 τῶν
662 3798 759 3854 ἄθλων
771 3801 812 3854 ἑνὶ
827 3803 894 3869 μηνὶ
911 3804 956 3851 καὶ
975 3800 1065 3853 ἔτεσιν
1080 3800 1151 3854 ὀκτώ

90 3873 191 3933 (similia
212 3875 310 3921 notavit
325 3874 446 3922 Welcler
460 3872 503 3936 Ep.
517 3872 586 3938 Cycl.
600 3889 623 3937 p.
637 3872 687 3934 91).
724 3868 761 3920 Cf.
782 3872 856 3919 etiarn
874 3871 966 3920 Herod.
985 3870 1013 3934 ll,
1031 3869 1077 3920 145
1095 3888 1150 3921 curn

88 3947 148 3990 nota
163 3941 279 3989 Muelleri
293 3943 352 3991 Dor.
366 3940 396 4004 ll,
409 3957 433 4005 p.
446 3940 539 4004 ttbsq.
