<?xml version="1.0" encoding="UTF-8"?>
<!DOCTYPE html PUBLIC "-//W3C//DTD XHTML 1.0 Transitional//EN"
    "http://www.w3.org/TR/xhtml1/DTD/xhtml1-transitional.dtd">
<html xmlns="http://www.w3.org/1999/xhtml" xml:lang="en" lang="en">
 <head>
  <title>
</title>
<meta http-equiv="Content-Type" content="text/html;charset=utf-8" />
  <meta name='ocr-system' content='tesseract 3.04.00' />
  <meta name='ocr-capabilities' content='ocr_page ocr_carea ocr_par ocr_line ocrx_word'/>
</head>
<body>
  <div class='ocr_page' id='page_1' title='image "./ausgewhlteaufst00prelgoog_0083.png"; bbox 0 0 2558 4530; ppageno 0'>
   <div class='ocr_carea' id='block_1_1' title="bbox 408 361 1117 422">
    <p class='ocr_par' dir='ltr' id='par_1_1' title="bbox 408 361 1117 422">
     <span class='ocr_line' id='line_1_1' title="bbox 408 361 1117 422; baseline 0.001 -9"><span class='ocrx_word' id='word_1_1' title='bbox 408 361 533 416; x_wconf 88' lang='lat' dir='ltr'><strong>Lesbio</strong></span> <span class='ocrx_word' id='word_1_2' title='bbox 552 361 729 422; x_wconf 87' lang='lat' dir='ltr'><strong>historico.</strong></span> <span class='ocrx_word' id='word_1_3' title='bbox 1082 362 1117 415; x_wconf 82' lang='grc'><strong>65</strong></span> 
     </span>
    </p>
   </div>
   <div class='ocr_carea' id='block_1_2' title="bbox 56 517 1155 1107">
    <p class='ocr_par' dir='ltr' id='par_1_2' title="bbox 56 517 1155 1107">
     <span class='ocr_line' id='line_1_2' title="bbox 58 517 1116 598; baseline -0.001 -17"><span class='ocrx_word' id='word_1_4' title='bbox 58 539 133 598; x_wconf 89' lang='lat' dir='ltr'><strong>quae</strong></span> <span class='ocrx_word' id='word_1_5' title='bbox 148 537 197 580; x_wconf 92' lang='lat' dir='ltr'><strong>res</strong></span> <span class='ocrx_word' id='word_1_6' title='bbox 211 517 312 579; x_wconf 82' lang='lat' dir='ltr'><strong>incidit</strong></span> <span class='ocrx_word' id='word_1_7' title='bbox 326 517 357 578; x_wconf 93' lang='lat' dir='ltr'><strong>in</strong></span> <span class='ocrx_word' id='word_1_8' title='bbox 377 518 573 578; x_wconf 84' lang='lat' dir='ltr'><strong>sacerdotium</strong></span> <span class='ocrx_word' id='word_1_9' title='bbox 589 517 746 596; x_wconf 80' lang='lat' dir='ltr'><strong>Chrysidis.</strong></span> <span class='ocrx_word' id='word_1_10' title='bbox 778 517 914 596; x_wconf 79' lang='lat' dir='ltr'><strong>Sequitur</strong></span> <span class='ocrx_word' id='word_1_11' title='bbox 929 525 961 579; x_wconf 93' lang='lat' dir='ltr'><strong>ut</strong></span> <span class='ocrx_word' id='word_1_12' title='bbox 973 525 1033 580; x_wconf 86' lang='lat' dir='ltr'><strong>tres</strong></span> <span class='ocrx_word' id='word_1_13' title='bbox 1048 526 1116 580; x_wconf 93' lang='lat' dir='ltr'><strong>tan-</strong></span> 
     </span>
     <span class='ocr_line' id='line_1_3' title="bbox 56 601 1117 682; baseline 0.001 -18"><span class='ocrx_word' id='word_1_14' title='bbox 56 613 122 666; x_wconf 92' lang='lat' dir='ltr'><strong>tum</strong></span> <span class='ocrx_word' id='word_1_15' title='bbox 142 604 230 664; x_wconf 91' lang='lat' dir='ltr'><strong>huius</strong></span> <span class='ocrx_word' id='word_1_16' title='bbox 251 602 349 681; x_wconf 90' lang='lat' dir='ltr'><strong>operis</strong></span> <span class='ocrx_word' id='word_1_17' title='bbox 369 601 437 662; x_wconf 91' lang='lat' dir='ltr'><strong>libri</strong></span> <span class='ocrx_word' id='word_1_18' title='bbox 456 602 577 674; x_wconf 87' lang='lat' dir='ltr'><strong>fuerint,</strong></span> <span class='ocrx_word' id='word_1_19' title='bbox 600 621 726 682; x_wconf 93' lang='lat' dir='ltr'><strong>quorum</strong></span> <span class='ocrx_word' id='word_1_20' title='bbox 741 602 856 682; x_wconf 85' lang='lat' dir='ltr'><strong>primus</strong></span> <span class='ocrx_word' id='word_1_21' title='bbox 873 602 1117 682; x_wconf 82' lang='lat' dir='ltr'><strong>complectebatur</strong></span> 
     </span>
     <span class='ocr_line' id='line_1_4' title="bbox 57 687 1155 769; baseline -0.005 -19"><span class='ocrx_word' id='word_1_22' title='bbox 57 697 192 769; x_wconf 90' lang='lat' dir='ltr'><strong>tempora</strong></span> <span class='ocrx_word' id='word_1_23' title='bbox 210 688 356 760; x_wconf 89' lang='lat' dir='ltr'><strong>fabulosa,</strong></span> <span class='ocrx_word' id='word_1_24' title='bbox 376 687 448 746; x_wconf 89' lang='lat' dir='ltr'><strong>alter</strong></span> <span class='ocrx_word' id='word_1_25' title='bbox 467 688 655 766; x_wconf 85' lang='lat' dir='ltr'><strong>migrationes</strong></span> <span class='ocrx_word' id='word_1_26' title='bbox 670 688 859 765; x_wconf 90' lang='lat' dir='ltr'><strong>potissimum</strong></span> <span class='ocrx_word' id='word_1_27' title='bbox 881 695 966 765; x_wconf 89' lang='lat' dir='ltr'><strong>atque</strong></span> <span class='ocrx_word' id='word_1_28' title='bbox 986 688 1114 749; x_wconf 88' lang='lat' dir='ltr'><strong>colonias</strong></span> <span class='ocrx_word' id='word_1_29' title='bbox 1129 704 1155 745; x_wconf 79' lang='grc' dir='ltr'><strong>ιι</strong></span> 
     </span>
     <span class='ocr_line' id='line_1_5' title="bbox 57 771 1118 852; baseline -0.002 -18"><span class='ocrx_word' id='word_1_30' title='bbox 57 775 231 852; x_wconf 82' lang='lat' dir='ltr'><strong>exposuisse</strong></span> <span class='ocrx_word' id='word_1_31' title='bbox 251 773 379 844; x_wconf 87' lang='lat' dir='ltr'><strong>videtur,</strong></span> <span class='ocrx_word' id='word_1_32' title='bbox 400 771 501 832; x_wconf 90' lang='lat' dir='ltr'><strong>tertius</strong></span> <span class='ocrx_word' id='word_1_33' title='bbox 521 773 556 833; x_wconf 94' lang='lat' dir='ltr'><strong>ad</strong></span> <span class='ocrx_word' id='word_1_34' title='bbox 578 771 672 850; x_wconf 90' lang='lat' dir='ltr'><strong>ipsius</strong></span> <span class='ocrx_word' id='word_1_35' title='bbox 687 771 826 833; x_wconf 88' lang='lat' dir='ltr'><strong>Hellanici</strong></span> <span class='ocrx_word' id='word_1_36' title='bbox 840 780 960 832; x_wconf 86' lang='lat' dir='ltr'><strong>aetatem</strong></span> <span class='ocrx_word' id='word_1_37' title='bbox 977 781 1005 834; x_wconf 94' lang='lat' dir='ltr'><strong>et</strong></span> <span class='ocrx_word' id='word_1_38' title='bbox 1019 791 1118 834; x_wconf 89' lang='lat' dir='ltr'><strong>sacer-</strong></span> 
     </span>
     <span class='ocr_line' id='line_1_6' title="bbox 57 856 1117 938; baseline 0 -20"><span class='ocrx_word' id='word_1_39' title='bbox 57 858 136 919; x_wconf 93' lang='lat' dir='ltr'><strong>dotia</strong></span> <span class='ocrx_word' id='word_1_40' title='bbox 151 857 300 938; x_wconf 80' lang='lat' dir='ltr'><strong>Chrysidis</strong></span> <span class='ocrx_word' id='word_1_41' title='bbox 319 864 404 935; x_wconf 92' lang='lat' dir='ltr'><strong>atque</strong></span> <span class='ocrx_word' id='word_1_42' title='bbox 418 856 595 918; x_wconf 89' lang='lat' dir='ltr'><strong>Phaeuuidis</strong></span> <span class='ocrx_word' id='word_1_43' title='bbox 612 858 756 917; x_wconf 89' lang='lat' dir='ltr'><strong>deductus</strong></span> <span class='ocrx_word' id='word_1_44' title='bbox 772 865 843 917; x_wconf 92' lang='lat' dir='ltr'><strong>erat.</strong></span> <span class='ocrx_word' id='word_1_45' title='bbox 874 857 1038 919; x_wconf 84' lang='lat' dir='ltr'><strong>Plurimum</strong></span> <span class='ocrx_word' id='word_1_46' title='bbox 1049 876 1117 918; x_wconf 89' lang='lat' dir='ltr'><strong>vero</strong></span> 
     </span>
     <span class='ocr_line' id='line_1_7' title="bbox 58 941 1118 1022; baseline -0.002 -18"><span class='ocrx_word' id='word_1_47' title='bbox 58 962 166 1022; x_wconf 88' lang='lat' dir='ltr'><strong>operae</strong></span> <span class='ocrx_word' id='word_1_48' title='bbox 186 945 273 1004; x_wconf 91' lang='lat' dir='ltr'><strong>etiam</strong></span> <span class='ocrx_word' id='word_1_49' title='bbox 292 942 339 1002; x_wconf 92' lang='lat' dir='ltr'><strong>his</strong></span> <span class='ocrx_word' id='word_1_50' title='bbox 358 943 388 1001; x_wconf 90' lang='lat' dir='ltr'><strong>in</strong></span> <span class='ocrx_word' id='word_1_51' title='bbox 408 941 488 1002; x_wconf 92' lang='lat' dir='ltr'><strong>libris</strong></span> <span class='ocrx_word' id='word_1_52' title='bbox 510 943 540 1002; x_wconf 92' lang='lat' dir='ltr'><strong>in</strong></span> <span class='ocrx_word' id='word_1_53' title='bbox 553 941 658 1003; x_wconf 87' lang='lat' dir='ltr'><strong>fabulis</strong></span> <span class='ocrx_word' id='word_1_54' title='bbox 673 948 760 1020; x_wconf 91' lang='lat' dir='ltr'><strong>atque</strong></span> <span class='ocrx_word' id='word_1_55' title='bbox 776 942 933 1020; x_wconf 88' lang='lat' dir='ltr'><strong>generibus</strong></span> <span class='ocrx_word' id='word_1_56' title='bbox 949 942 1118 1004; x_wconf 90' lang='lat' dir='ltr'><strong>enarrandis</strong></span> 
     </span>
     <span class='ocr_line' id='line_1_8' title="bbox 57 1026 469 1107; baseline -0.005 -19"><span class='ocrx_word' id='word_1_57' title='bbox 57 1029 190 1107; x_wconf 91' lang='lat' dir='ltr'><strong>positum</strong></span> <span class='ocrx_word' id='word_1_58' title='bbox 206 1027 299 1088; x_wconf 84' lang='lat' dir='ltr'><strong>fuisse</strong></span> <span class='ocrx_word' id='word_1_59' title='bbox 313 1026 469 1105; x_wconf 89' lang='lat' dir='ltr'><strong>suspicere.</strong></span> 
     </span>
    </p>
   </div>
   <div class='ocr_carea' id='block_1_3' title="bbox 448 1177 719 1227">
    <p class='ocr_par' dir='ltr' id='par_1_3' title="bbox 448 1177 719 1227">
     <span class='ocr_line' id='line_1_9' title="bbox 448 1177 719 1227; baseline -0.004 0"><span class='ocrx_word' id='word_1_60' title='bbox 448 1178 472 1227; x_wconf 90' lang='lat' dir='ltr'><strong>b.</strong></span> <span class='ocrx_word' id='word_1_61' title='bbox 497 1177 719 1227; x_wconf 86' lang='lat' dir='ltr'><strong>Carueonicae.</strong></span> 
     </span>
    </p>
   </div>
   <div class='ocr_carea' id='block_1_4' title="bbox 53 1263 1120 3373">
    <p class='ocr_par' dir='ltr' id='par_1_4' title="bbox 53 1263 1120 3373">
     <span class='ocr_line' id='line_1_10' title="bbox 143 1263 1116 1346; baseline 0.001 -21"><span class='ocrx_word' id='word_1_62' title='bbox 143 1264 228 1338; x_wconf 83' lang='lat' dir='ltr'><strong>Quod</strong></span> <span class='ocrx_word' id='word_1_63' title='bbox 245 1265 275 1324; x_wconf 94' lang='lat' dir='ltr'><strong>in</strong></span> <span class='ocrx_word' id='word_1_64' title='bbox 291 1264 453 1324; x_wconf 88' lang='lat' dir='ltr'><strong>civitatibus</strong></span> <span class='ocrx_word' id='word_1_65' title='bbox 468 1264 591 1335; x_wconf 88' lang='lat' dir='ltr'><strong>factum,</strong></span> <span class='ocrx_word' id='word_1_66' title='bbox 611 1263 687 1322; x_wconf 91' lang='lat' dir='ltr'><strong>idem</strong></span> <span class='ocrx_word' id='word_1_67' title='bbox 704 1263 735 1321; x_wconf 88' lang='lat' dir='ltr'><strong>in</strong></span> <span class='ocrx_word' id='word_1_68' title='bbox 751 1264 957 1324; x_wconf 88' lang='lat' dir='ltr'><strong>certaminibus</strong></span> <span class='ocrx_word' id='word_1_69' title='bbox 974 1265 1116 1346; x_wconf 83' lang='lat' dir='ltr'><strong>gymnicis</strong></span> 
     </span>
     <span class='ocr_line' id='line_1_11' title="bbox 56 1348 1117 1429; baseline 0.001 -19"><span class='ocrx_word' id='word_1_70' title='bbox 56 1358 144 1429; x_wconf 90' lang='lat' dir='ltr'><strong>atque</strong></span> <span class='ocrx_word' id='word_1_71' title='bbox 159 1349 280 1409; x_wconf 88' lang='lat' dir='ltr'><strong>musicis</strong></span> <span class='ocrx_word' id='word_1_72' title='bbox 297 1348 434 1420; x_wconf 79' lang='lat' dir='ltr'><strong>obtinuit3</strong></span> <span class='ocrx_word' id='word_1_73' title='bbox 446 1366 584 1407; x_wconf 88' lang='lat' dir='ltr'><strong>recensus</strong></span> <span class='ocrx_word' id='word_1_74' title='bbox 599 1348 743 1407; x_wconf 90' lang='lat' dir='ltr'><strong>victorum</strong></span> <span class='ocrx_word' id='word_1_75' title='bbox 754 1349 940 1426; x_wconf 83' lang='lat' dir='ltr'><strong>temporibus</strong></span> <span class='ocrx_word' id='word_1_76' title='bbox 953 1357 1031 1410; x_wconf 84' lang='lat' dir='ltr'><strong>certa</strong></span> <span class='ocrx_word' id='word_1_77' title='bbox 1042 1351 1117 1411; x_wconf 90' lang='lat' dir='ltr'><strong>serie</strong></span> 
     </span>
     <span class='ocr_line' id='line_1_12' title="bbox 56 1431 1117 1513; baseline 0 -19"><span class='ocrx_word' id='word_1_78' title='bbox 56 1435 211 1513; x_wconf 85' lang='lat' dir='ltr'><strong>descriptis</strong></span> <span class='ocrx_word' id='word_1_79' title='bbox 233 1433 343 1493; x_wconf 90' lang='lat' dir='ltr'><strong>conditi</strong></span> <span class='ocrx_word' id='word_1_80' title='bbox 363 1442 433 1492; x_wconf 90' lang='lat' dir='ltr'><strong>sunt</strong></span> <span class='ocrx_word' id='word_1_81' title='bbox 451 1451 560 1510; x_wconf 91' lang='lat' dir='ltr'><strong>eosque</strong></span> <span class='ocrx_word' id='word_1_82' title='bbox 575 1431 680 1490; x_wconf 87' lang='lat' dir='ltr'><strong>deinde</strong></span> <span class='ocrx_word' id='word_1_83' title='bbox 695 1431 832 1509; x_wconf 89' lang='lat' dir='ltr'><strong>operibus</strong></span> <span class='ocrx_word' id='word_1_84' title='bbox 848 1433 910 1492; x_wconf 90' lang='lat' dir='ltr'><strong>suis</strong></span> <span class='ocrx_word' id='word_1_85' title='bbox 926 1433 1117 1494; x_wconf 84' lang='lat' dir='ltr'><strong>fundamento</strong></span> 
     </span>
     <span class='ocr_line' id='line_1_13' title="bbox 56 1516 1118 1597; baseline 0.002 -20"><span class='ocrx_word' id='word_1_86' title='bbox 56 1528 222 1597; x_wconf 91' lang='lat' dir='ltr'><strong>posuerunt</strong></span> <span class='ocrx_word' id='word_1_87' title='bbox 241 1516 387 1588; x_wconf 90' lang='lat' dir='ltr'><strong>historici,</strong></span> <span class='ocrx_word' id='word_1_88' title='bbox 410 1534 534 1594; x_wconf 91' lang='lat' dir='ltr'><strong>quorum</strong></span> <span class='ocrx_word' id='word_1_89' title='bbox 558 1534 681 1593; x_wconf 90' lang='lat' dir='ltr'><strong>operum</strong></span> <span class='ocrx_word' id='word_1_90' title='bbox 698 1516 786 1575; x_wconf 90' lang='lat' dir='ltr'><strong>multa</strong></span> <span class='ocrx_word' id='word_1_91' title='bbox 802 1516 1006 1594; x_wconf 86' lang='lat' dir='ltr'><strong>pertinuerunt</strong></span> <span class='ocrx_word' id='word_1_92' title='bbox 1021 1519 1055 1578; x_wconf 96' lang='lat' dir='ltr'><strong>ad</strong></span> <span class='ocrx_word' id='word_1_93' title='bbox 1072 1519 1118 1578; x_wconf 94' lang='lat' dir='ltr'><strong>hi·</strong></span> 
     </span>
     <span class='ocr_line' id='line_1_14' title="bbox 56 1600 1118 1679; baseline 0 -16"><span class='ocrx_word' id='word_1_94' title='bbox 56 1603 182 1663; x_wconf 90' lang='lat' dir='ltr'><strong>storiam</strong></span> <span class='ocrx_word' id='word_1_95' title='bbox 198 1601 267 1662; x_wconf 88' lang='lat' dir='ltr'><strong>artis</strong></span> <span class='ocrx_word' id='word_1_96' title='bbox 284 1601 420 1673; x_wconf 88' lang='lat' dir='ltr'><strong>musicae,</strong></span> <span class='ocrx_word' id='word_1_97' title='bbox 436 1620 461 1658; x_wconf 88' lang='lat' dir='ltr'><strong>v.</strong></span> <span class='ocrx_word' id='word_1_98' title='bbox 478 1600 604 1661; x_wconf 83' lang='lat' dir='ltr'><strong>Mueller.</strong></span> <span class='ocrx_word' id='word_1_99' title='bbox 621 1600 687 1660; x_wconf 86' lang='lat' dir='ltr'><strong>Dor.</strong></span> <span class='ocrx_word' id='word_1_100' title='bbox 700 1600 722 1673; x_wconf 90' lang='lat' dir='ltr'><strong>l,</strong></span> <span class='ocrx_word' id='word_1_101' title='bbox 734 1620 763 1679; x_wconf 93' lang='lat' dir='ltr'><strong>p.</strong></span> <span class='ocrx_word' id='word_1_102' title='bbox 780 1600 847 1661; x_wconf 84' lang='lat'>130.</span> <span class='ocrx_word' id='word_1_103' title='bbox 871 1601 919 1661; x_wconf 87' lang='lat' dir='ltr'><strong>Sic</strong></span> <span class='ocrx_word' id='word_1_104' title='bbox 931 1602 1118 1663; x_wconf 82' lang='lat' dir='ltr'><strong>interrecen-</strong></span> 
     </span>
     <span class='ocr_line' id='line_1_15' title="bbox 55 1685 1117 1764; baseline 0.001 -17"><span class='ocrx_word' id='word_1_105' title='bbox 55 1689 147 1748; x_wconf 91' lang='lat' dir='ltr'><strong>tiores</strong></span> <span class='ocrx_word' id='word_1_106' title='bbox 163 1687 353 1747; x_wconf 87' lang='lat' dir='ltr'><strong>Dicaearchus</strong></span> <span class='ocrx_word' id='word_1_107' title='bbox 369 1693 398 1745; x_wconf 90' lang='lat' dir='ltr'><strong>et</strong></span> <span class='ocrx_word' id='word_1_108' title='bbox 386 1685 577 1746; x_wconf 87' lang='lat' dir='ltr'><strong>tHeraclides</strong></span> <span class='ocrx_word' id='word_1_109' title='bbox 592 1685 747 1757; x_wconf 86' lang='lat' dir='ltr'><strong>Ponticus,</strong></span> <span class='ocrx_word' id='word_1_110' title='bbox 763 1685 839 1745; x_wconf 90' lang='lat' dir='ltr'><strong>inter</strong></span> <span class='ocrx_word' id='word_1_111' title='bbox 854 1686 1032 1764; x_wconf 90' lang='lat' dir='ltr'><strong>antiquiores</strong></span> <span class='ocrx_word' id='word_1_112' title='bbox 1048 1688 1117 1749; x_wconf 90' lang='lat' dir='ltr'><strong>Hel-</strong></span> 
     </span>
     <span class='ocr_line' id='line_1_16' title="bbox 54 1733 1116 1850; baseline 0.002 -19"><span class='ocrx_word' id='word_1_113' title='bbox 54 1772 178 1843; x_wconf 92' lang='lat' dir='ltr'><strong>lanicus,</strong></span> <span class='ocrx_word' id='word_1_114' title='bbox 195 1772 244 1850; x_wconf 92' lang='lat' dir='ltr'><strong>qui</strong></span> <span class='ocrx_word' id='word_1_115' title='bbox 260 1771 290 1831; x_wconf 89' lang='lat' dir='ltr'><strong>in</strong></span> <span class='ocrx_word' id='word_1_116' title='bbox 305 1771 362 1831; x_wconf 90' lang='lat' dir='ltr'><strong>hoc</strong></span> <span class='ocrx_word' id='word_1_117' title='bbox 377 1789 450 1830; x_wconf 92' lang='lat' dir='ltr'><strong>usus</strong></span> <span class='ocrx_word' id='word_1_118' title='bbox 466 1778 527 1831; x_wconf 90' lang='lat' dir='ltr'><strong>erat</strong></span> <span class='ocrx_word' id='word_1_119' title='bbox 542 1770 647 1829; x_wconf 89' lang='lat' dir='ltr'><strong>tabulis</strong></span> <span class='ocrx_word' id='word_1_120' title='bbox 664 1733 886 1848; x_wconf 79' lang='lat' dir='ltr'><strong>Sparianorum,</strong></span> <span class='ocrx_word' id='word_1_121' title='bbox 905 1771 1116 1848; x_wconf 86' lang='lat' dir='ltr'><strong>quibusvicto-</strong></span> 
     </span>
     <span class='ocr_line' id='line_1_17' title="bbox 54 1854 1118 1934; baseline 0.001 -17"><span class='ocrx_word' id='word_1_122' title='bbox 54 1876 101 1917; x_wconf 90' lang='lat' dir='ltr'><strong>res</strong></span> <span class='ocrx_word' id='word_1_123' title='bbox 126 1858 303 1917; x_wconf 90' lang='lat' dir='ltr'><strong>Carneorum</strong></span> <span class='ocrx_word' id='word_1_124' title='bbox 323 1855 560 1934; x_wconf 85' lang='lat' dir='ltr'><strong>perscripseram</strong></span> <span class='ocrx_word' id='word_1_125' title='bbox 581 1854 648 1914; x_wconf 93' lang='lat' dir='ltr'><strong>inde</strong></span> <span class='ocrx_word' id='word_1_126' title='bbox 671 1855 706 1914; x_wconf 94' lang='lat' dir='ltr'><strong>ab</strong></span> <span class='ocrx_word' id='word_1_127' title='bbox 729 1855 773 1914; x_wconf 86' lang='lat' dir='ltr'><strong>Ol.</strong></span> <span class='ocrx_word' id='word_1_128' title='bbox 796 1855 908 1915; x_wconf 84' lang='lat' dir='ltr'><strong>2o.-</strong></span> <span class='ocrx_word' id='word_1_129' title='bbox 929 1855 1041 1918; x_wconf 88' lang='lat' dir='ltr'><strong>Citatm</strong></span> <span class='ocrx_word' id='word_1_130' title='bbox 1060 1859 1118 1918; x_wconf 89' lang='lat' dir='ltr'><strong>hoo</strong></span> 
     </span>
     <span class='ocr_line' id='line_1_18' title="bbox 55 1933 1118 2045; baseline -0.001 -43"><span class='ocrx_word' id='word_1_131' title='bbox 55 1961 132 2045; x_wconf 76' lang='grc' dir='ltr'><strong><em>οιιιι</em></strong></span> <span class='ocrx_word' id='word_1_132' title='bbox 149 1945 233 2020; x_wconf 79' lang='lat' dir='ltr'><strong>apd</strong></span> <span class='ocrx_word' id='word_1_133' title='bbox 212 1941 314 2001; x_wconf 81' lang='lat' dir='ltr'><strong>rt.then</strong></span> <span class='ocrx_word' id='word_1_134' title='bbox 335 1940 404 2008; x_wconf 85' lang='lat' dir='ltr'><strong>XlV,</strong></span> <span class='ocrx_word' id='word_1_135' title='bbox 397 1959 449 2043; x_wconf 92' lang='lat' dir='ltr'><strong>p.</strong></span> <span class='ocrx_word' id='word_1_136' title='bbox 466 1939 526 2000; x_wconf 79' lang='lat'><strong>635</strong></span> <span class='ocrx_word' id='word_1_137' title='bbox 548 1938 577 1998; x_wconf 83' lang='lat' dir='ltr'><strong><em>E</em></strong></span> <span class='ocrx_word' id='word_1_138' title='bbox 598 1935 640 1998; x_wconf 82' lang='grc' dir='ltr'><strong>τὰ</strong></span> <span class='ocrx_word' id='word_1_139' title='bbox 662 1933 810 2040; x_wconf 82' lang='grc' dir='ltr'><em>Κάρνεια</em></span> <span class='ocrx_word' id='word_1_140' title='bbox 832 1937 964 2041; x_wconf 73' lang='grc' dir='ltr'><strong><em>πρῶτος</em></strong></span> <span class='ocrx_word' id='word_1_141' title='bbox 986 1935 1118 2003; x_wconf 76' lang='grc' dir='ltr'><em>πάντων</em></span> 
     </span>
     <span class='ocr_line' id='line_1_19' title="bbox 59 2015 1116 2130; baseline -0.001 -44"><span class='ocrx_word' id='word_1_142' title='bbox 59 2020 271 2130; x_wconf 79' lang='grc' dir='ltr'><em>Τέρπανδρος</em></span> <span class='ocrx_word' id='word_1_143' title='bbox 280 2022 363 2125; x_wconf 69' lang='grc' dir='ltr'><strong><em>ιικιῖ,</em></strong></span> <span class='ocrx_word' id='word_1_144' title='bbox 382 2018 426 2097; x_wconf 66' lang='lat' dir='ltr'><strong>dg</strong></span> <span class='ocrx_word' id='word_1_145' title='bbox 432 2015 539 2084; x_wconf 60' lang='lat' dir='ltr'><strong>‘fult</strong></span> <span class='ocrx_word' id='word_1_146' title='bbox 530 2023 655 2125; x_wconf 75' lang='lat' dir='ltr'><strong>qraopei</strong></span> <span class='ocrx_word' id='word_1_147' title='bbox 665 2015 698 2084; x_wconf 72' lang='grc' dir='ltr'><strong>ἔν</strong></span> <span class='ocrx_word' id='word_1_148' title='bbox 708 2044 745 2084; x_wconf 79' lang='grc' dir='ltr'><strong>τε</strong></span> <span class='ocrx_word' id='word_1_149' title='bbox 755 2022 827 2097; x_wconf 75' lang='grc' dir='ltr'><em>τοῖς</em></span> <span class='ocrx_word' id='word_1_150' title='bbox 838 2017 1014 2106; x_wconf 76' lang='grc' dir='ltr'><strong><em>ἐμμέτροις</em></strong></span> <span class='ocrx_word' id='word_1_151' title='bbox 1025 2027 1116 2105; x_wconf 85' lang='grc' dir='ltr'><strong><em>Καρ-</em></strong></span> 
     </span>
     <span class='ocr_line' id='line_1_20' title="bbox 55 2103 1117 2191; baseline -0.003 -19"><span class='ocrx_word' id='word_1_152' title='bbox 55 2104 218 2185; x_wconf 69' lang='lat' dir='ltr'><strong>reuocante</strong></span> <span class='ocrx_word' id='word_1_153' title='bbox 229 2131 289 2171; x_wconf 84' lang='grc' dir='ltr'><strong>καν</strong></span> <span class='ocrx_word' id='word_1_154' title='bbox 299 2130 370 2183; x_wconf 83' lang='grc' dir='ltr'><strong><em>τοις</em></strong></span> <span class='ocrx_word' id='word_1_155' title='bbox 381 2103 617 2191; x_wconf 79' lang='grc' dir='ltr'><strong><em>καταλογαδην</em></strong></span> <span class='ocrx_word' id='word_1_156' title='bbox 642 2109 681 2168; x_wconf 84' lang='lat' dir='ltr'><strong>lle</strong></span> <span class='ocrx_word' id='word_1_157' title='bbox 691 2109 769 2168; x_wconf 82' lang='lat' dir='ltr'><strong>rec</strong></span> <span class='ocrx_word' id='word_1_158' title='bbox 783 2109 967 2169; x_wconf 89' lang='lat' dir='ltr'><strong>PlehnLesb.</strong></span> <span class='ocrx_word' id='word_1_159' title='bbox 976 2129 1005 2188; x_wconf 90' lang='lat' dir='ltr'><strong>p.</strong></span> <span class='ocrx_word' id='word_1_160' title='bbox 1015 2111 1117 2170; x_wconf 87' lang='grc'><strong>141-</strong></span> 
     </span>
     <span class='ocr_line' id='line_1_21' title="bbox 57 2193 1117 2272; baseline -0.001 -17"><span class='ocrx_word' id='word_1_161' title='bbox 57 2196 127 2256; x_wconf 84' lang='grc'>165.</span> <span class='ocrx_word' id='word_1_162' title='bbox 158 2197 260 2257; x_wconf 89' lang='lat' dir='ltr'><strong>Cetera</strong></span> <span class='ocrx_word' id='word_1_163' title='bbox 272 2196 394 2255; x_wconf 86' lang='lat' dir='ltr'><strong>Vossius</strong></span> <span class='ocrx_word' id='word_1_164' title='bbox 407 2195 511 2272; x_wconf 91' lang='lat' dir='ltr'><strong>aliiqne</strong></span> <span class='ocrx_word' id='word_1_165' title='bbox 526 2195 561 2253; x_wconf 90' lang='lat' dir='ltr'><strong>de</strong></span> <span class='ocrx_word' id='word_1_166' title='bbox 581 2194 721 2267; x_wconf 88' lang='lat' dir='ltr'><strong>carmine,</strong></span> <span class='ocrx_word' id='word_1_167' title='bbox 744 2193 849 2271; x_wconf 90' lang='lat' dir='ltr'><strong>quibus</strong></span> <span class='ocrx_word' id='word_1_168' title='bbox 864 2193 1030 2254; x_wconf 90' lang='lat' dir='ltr'><strong>Hellanicus</strong></span> <span class='ocrx_word' id='word_1_169' title='bbox 1047 2194 1117 2256; x_wconf 92' lang='lat' dir='ltr'><strong>Car·</strong></span> 
     </span>
     <span class='ocr_line' id='line_1_22' title="bbox 54 2278 1117 2355; baseline -0.001 -15"><span class='ocrx_word' id='word_1_170' title='bbox 54 2281 244 2341; x_wconf 89' lang='lat' dir='ltr'><strong>neonicarum</strong></span> <span class='ocrx_word' id='word_1_171' title='bbox 257 2280 299 2339; x_wconf 89' lang='lat' dir='ltr'><strong>vir</strong></span> <span class='ocrx_word' id='word_1_172' title='bbox 300 2287 376 2339; x_wconf 87' lang='lat' dir='ltr'><strong>tutes</strong></span> <span class='ocrx_word' id='word_1_173' title='bbox 394 2278 839 2355; x_wconf 89' lang='lat' dir='ltr'><strong>celebraverit,interpretantur·</strong></span> <span class='ocrx_word' id='word_1_174' title='bbox 853 2279 985 2339; x_wconf 88' lang='lat' dir='ltr'><strong>Sturzius</strong></span> <span class='ocrx_word' id='word_1_175' title='bbox 996 2279 1042 2339; x_wconf 89' lang='lat' dir='ltr'><strong>rlla</strong></span> <span class='ocrx_word' id='word_1_176' title='bbox 1051 2298 1117 2339; x_wconf 84' lang='lat' dir='ltr'><strong>ver</strong></span> 
     </span>
     <span class='ocr_line' id='line_1_23' title="bbox 54 2355 1115 2462; baseline 0 -37"><span class='ocrx_word' id='word_1_177' title='bbox 54 2355 129 2425; x_wconf 85' lang='lat' dir='ltr'><strong>ba&#39;&#39;</strong></span> <span class='ocrx_word' id='word_1_178' title='bbox 108 2384 142 2424; x_wconf 84' lang='grc' dir='ltr'><strong>εν</strong></span> <span class='ocrx_word' id='word_1_179' title='bbox 155 2383 191 2424; x_wconf 79' lang='grc' dir='ltr'><strong>τε</strong></span> <span class='ocrx_word' id='word_1_180' title='bbox 205 2364 274 2437; x_wconf 82' lang='grc' dir='ltr'><em>τοῖς</em></span> <span class='ocrx_word' id='word_1_181' title='bbox 294 2357 467 2443; x_wconf 81' lang='grc' dir='ltr'><strong><em>ἐμμέτροις</em></strong></span> <span class='ocrx_word' id='word_1_182' title='bbox 482 2363 586 2421; x_wconf 86' lang='lat' dir='ltr'><strong>cettad</strong></span> <span class='ocrx_word' id='word_1_183' title='bbox 602 2363 816 2462; x_wconf 87' lang='lat' dir='ltr'><strong>Terpandrum</strong></span> <span class='ocrx_word' id='word_1_184' title='bbox 822 2363 919 2432; x_wconf 85' lang='lat' dir='ltr'><strong>refert,</strong></span> <span class='ocrx_word' id='word_1_185' title='bbox 937 2365 1015 2441; x_wconf 91' lang='lat' dir='ltr'><strong>quod</strong></span> <span class='ocrx_word' id='word_1_186' title='bbox 1029 2382 1115 2426; x_wconf 90' lang='lat' dir='ltr'><strong>nemo</strong></span> 
     </span>
     <span class='ocr_line' id='line_1_24' title="bbox 53 2438 1118 2544; baseline -0.001 -34"><span class='ocrx_word' id='word_1_187' title='bbox 53 2465 118 2510; x_wconf 90' lang='lat' dir='ltr'><strong>non</strong></span> <span class='ocrx_word' id='word_1_188' title='bbox 131 2448 209 2506; x_wconf 92' lang='lat' dir='ltr'><strong>videt</strong></span> <span class='ocrx_word' id='word_1_189' title='bbox 218 2447 356 2524; x_wconf 88' lang='lat' dir='ltr'><strong>frigidum</strong></span> <span class='ocrx_word' id='word_1_190' title='bbox 369 2465 443 2505; x_wconf 88' lang='lat' dir='ltr'><strong>esse.</strong></span> <span class='ocrx_word' id='word_1_191' title='bbox 466 2445 558 2504; x_wconf 81' lang='lat' dir='ltr'><strong>Etiam</strong></span> <span class='ocrx_word' id='word_1_192' title='bbox 572 2445 678 2504; x_wconf 87' lang='lat' dir='ltr'><strong>Surdas</strong></span> <span class='ocrx_word' id='word_1_193' title='bbox 690 2465 715 2503; x_wconf 91' lang='lat' dir='ltr'>v</span> <span class='ocrx_word' id='word_1_194' title='bbox 718 2438 906 2544; x_wconf 77' lang='grc' dir='ltr'><strong><em>Ἑλλάνικιις</em></strong></span> <span class='ocrx_word' id='word_1_195' title='bbox 917 2466 982 2506; x_wconf 87' lang='lat' dir='ltr'><strong>eum</strong></span> <span class='ocrx_word' id='word_1_196' title='bbox 995 2448 1118 2524; x_wconf 90' lang='lat' dir='ltr'><strong>plurima</strong></span> 
     </span>
     <span class='ocr_line' id='line_1_25' title="bbox 55 2528 1120 2625; baseline 0.001 -33"><span class='ocrx_word' id='word_1_197' title='bbox 55 2532 186 2613; x_wconf 91' lang='lat' dir='ltr'><strong>pedestri</strong></span> <span class='ocrx_word' id='word_1_198' title='bbox 198 2549 343 2602; x_wconf 89' lang='lat' dir='ltr'><strong>sermone,</strong></span> <span class='ocrx_word' id='word_1_199' title='bbox 359 2529 410 2589; x_wconf 93' lang='lat' dir='ltr'><strong>sed</strong></span> <span class='ocrx_word' id='word_1_200' title='bbox 422 2528 563 2588; x_wconf 93' lang='lat' dir='ltr'><strong>nonnulla</strong></span> <span class='ocrx_word' id='word_1_201' title='bbox 579 2530 764 2610; x_wconf 78' lang='grc' dir='ltr'><strong><em>ποιητικῶς</em></strong></span> <span class='ocrx_word' id='word_1_202' title='bbox 776 2530 954 2625; x_wconf 81' lang='lat' dir='ltr'><strong>scripsisset</strong></span> <span class='ocrx_word' id='word_1_203' title='bbox 956 2550 986 2589; x_wconf 91' lang='lat' dir='ltr'><strong>es</strong></span> <span class='ocrx_word' id='word_1_204' title='bbox 988 2538 1074 2604; x_wconf 88' lang='lat' dir='ltr'><strong>t,atur</strong></span> <span class='ocrx_word' id='word_1_205' title='bbox 1087 2541 1120 2593; x_wconf 92' lang='lat' dir='ltr'><strong>ut</strong></span> 
     </span>
     <span class='ocr_line' id='line_1_26' title="bbox 55 2579 1119 2694; baseline -0.001 -15"><span class='ocrx_word' id='word_1_206' title='bbox 55 2617 179 2680; x_wconf 89' lang='lat' dir='ltr'><strong>dubium</strong></span> <span class='ocrx_word' id='word_1_207' title='bbox 195 2634 255 2676; x_wconf 94' lang='lat' dir='ltr'><strong>non</strong></span> <span class='ocrx_word' id='word_1_208' title='bbox 271 2615 310 2675; x_wconf 92' lang='lat' dir='ltr'><strong>sit</strong></span> <span class='ocrx_word' id='word_1_209' title='bbox 324 2615 394 2694; x_wconf 93' lang='lat' dir='ltr'><strong>quin</strong></span> <span class='ocrx_word' id='word_1_210' title='bbox 407 2631 523 2674; x_wconf 89' lang='lat' dir='ltr'><strong>carmen</strong></span> <span class='ocrx_word' id='word_1_211' title='bbox 538 2614 572 2673; x_wconf 93' lang='lat' dir='ltr'><strong>de</strong></span> <span class='ocrx_word' id='word_1_212' title='bbox 584 2612 771 2674; x_wconf 88' lang='lat' dir='ltr'><strong>Carneonicis</strong></span> <span class='ocrx_word' id='word_1_213' title='bbox 784 2613 839 2673; x_wconf 93' lang='lat' dir='ltr'><strong>suh</strong></span> <span class='ocrx_word' id='word_1_214' title='bbox 849 2615 969 2674; x_wconf 89' lang='lat' dir='ltr'><strong>nomine</strong></span> <span class='ocrx_word' id='word_1_215' title='bbox 980 2579 1119 2678; x_wconf 82' lang='lat' dir='ltr'><strong>Hellairici</strong></span> 
     </span>
     <span class='ocr_line' id='line_1_27' title="bbox 54 2698 1116 2784; baseline -0.001 -20"><span class='ocrx_word' id='word_1_216' title='bbox 54 2703 133 2784; x_wconf 93' lang='lat' dir='ltr'><strong>apud</strong></span> <span class='ocrx_word' id='word_1_217' title='bbox 148 2700 326 2761; x_wconf 89' lang='lat' dir='ltr'><strong>recentiores</strong></span> <span class='ocrx_word' id='word_1_218' title='bbox 343 2699 544 2760; x_wconf 88' lang='lat' dir='ltr'><strong>circumlatum</strong></span> <span class='ocrx_word' id='word_1_219' title='bbox 561 2698 599 2758; x_wconf 90' lang='lat' dir='ltr'><strong>sit</strong></span> <span class='ocrx_word' id='word_1_220' title='bbox 614 2706 643 2757; x_wconf 93' lang='lat' dir='ltr'><strong>et</strong></span> <span class='ocrx_word' id='word_1_221' title='bbox 657 2705 774 2776; x_wconf 90' lang='lat' dir='ltr'><strong>praeter</strong></span> <span class='ocrx_word' id='word_1_222' title='bbox 784 2698 812 2758; x_wconf 94' lang='lat' dir='ltr'><strong>id</strong></span> <span class='ocrx_word' id='word_1_223' title='bbox 825 2699 958 2776; x_wconf 90' lang='lat' dir='ltr'><strong>prosaica</strong></span> <span class='ocrx_word' id='word_1_224' title='bbox 971 2700 1006 2761; x_wconf 91' lang='lat' dir='ltr'><strong>de</strong></span> <span class='ocrx_word' id='word_1_225' title='bbox 1017 2702 1116 2763; x_wconf 90' lang='lat' dir='ltr'><strong>eadem</strong></span> 
     </span>
     <span class='ocr_line' id='line_1_28' title="bbox 54 2783 1116 2880; baseline -0.002 -30"><span class='ocrx_word' id='word_1_226' title='bbox 54 2807 86 2850; x_wconf 91' lang='lat' dir='ltr'><strong>rc</strong></span> <span class='ocrx_word' id='word_1_227' title='bbox 98 2785 306 2848; x_wconf 88' lang='lat' dir='ltr'><strong>commentatio</strong></span> <span class='ocrx_word' id='word_1_228' title='bbox 310 2803 415 2880; x_wconf 81' lang='lat' dir='ltr'><strong>,quarn</strong></span> <span class='ocrx_word' id='word_1_229' title='bbox 426 2803 479 2862; x_wconf 86' lang='lat' dir='ltr'><strong>ego</strong></span> <span class='ocrx_word' id='word_1_230' title='bbox 492 2783 647 2861; x_wconf 86' lang='lat' dir='ltr'><strong>genuinam</strong></span> <span class='ocrx_word' id='word_1_231' title='bbox 657 2783 748 2843; x_wconf 87' lang='lat' dir='ltr'><strong>fuisse</strong></span> <span class='ocrx_word' id='word_1_232' title='bbox 760 2784 941 2858; x_wconf 84' lang='lat' dir='ltr'><strong>crediderim,</strong></span> <span class='ocrx_word' id='word_1_233' title='bbox 954 2793 985 2846; x_wconf 92' lang='lat' dir='ltr'><strong>ut</strong></span> <span class='ocrx_word' id='word_1_234' title='bbox 994 2786 1116 2850; x_wconf 91' lang='lat' dir='ltr'><strong>alterurn</strong></span> 
     </span>
     <span class='ocr_line' id='line_1_29' title="bbox 54 2868 1116 2948; baseline 0 -15"><span class='ocrx_word' id='word_1_235' title='bbox 54 2874 134 2933; x_wconf 83' lang='lat' dir='ltr'><strong>allum</strong></span> <span class='ocrx_word' id='word_1_236' title='bbox 143 2871 250 2931; x_wconf 90' lang='lat' dir='ltr'><strong>lrbrum</strong></span> <span class='ocrx_word' id='word_1_237' title='bbox 260 2869 466 2948; x_wconf 81' lang='lat' dir='ltr'><strong>grammaticus</strong></span> <span class='ocrx_word' id='word_1_238' title='bbox 477 2868 590 2947; x_wconf 86' lang='lat' dir='ltr'><strong>aquurs</strong></span> <span class='ocrx_word' id='word_1_239' title='bbox 602 2876 635 2929; x_wconf 92' lang='lat' dir='ltr'><strong>ut</strong></span> <span class='ocrx_word' id='word_1_240' title='bbox 645 2868 759 2930; x_wconf 88' lang='lat' dir='ltr'><strong>amabat</strong></span> <span class='ocrx_word' id='word_1_241' title='bbox 768 2869 1029 2932; x_wconf 75' lang='lat' dir='ltr'><strong>Alexandrinorum</strong></span> <span class='ocrx_word' id='word_1_242' title='bbox 1039 2880 1116 2933; x_wconf 87' lang='lat' dir='ltr'><strong>aetas</strong></span> 
     </span>
     <span class='ocr_line' id='line_1_30' title="bbox 56 2953 1118 3034; baseline -0.002 -16"><span class='ocrx_word' id='word_1_243' title='bbox 56 2957 185 3018; x_wconf 92' lang='lat' dir='ltr'><strong>carmina</strong></span> <span class='ocrx_word' id='word_1_244' title='bbox 206 2957 290 3017; x_wconf 88' lang='lat' dir='ltr'><strong>docta</strong></span> <span class='ocrx_word' id='word_1_245' title='bbox 307 2963 392 3034; x_wconf 90' lang='lat' dir='ltr'><strong>atque</strong></span> <span class='ocrx_word' id='word_1_246' title='bbox 408 2953 548 3015; x_wconf 91' lang='lat' dir='ltr'><strong>didactica</strong></span> <span class='ocrx_word' id='word_1_247' title='bbox 562 2972 701 3032; x_wconf 90' lang='lat' dir='ltr'><strong>pangere,</strong></span> <span class='ocrx_word' id='word_1_248' title='bbox 721 2955 756 3014; x_wconf 94' lang='lat' dir='ltr'><strong>ad</strong></span> <span class='ocrx_word' id='word_1_249' title='bbox 773 2954 965 3015; x_wconf 90' lang='lat' dir='ltr'><strong>imitationem</strong></span> <span class='ocrx_word' id='word_1_250' title='bbox 980 2956 1118 3018; x_wconf 91' lang='lat' dir='ltr'><strong>Hellanici</strong></span> 
     </span>
     <span class='ocr_line' id='line_1_31' title="bbox 56 3038 1116 3120; baseline 0 -17"><span class='ocrx_word' id='word_1_251' title='bbox 56 3041 253 3103; x_wconf 86' lang='lat' dir='ltr'><strong>elaboraverit.</strong></span> <span class='ocrx_word' id='word_1_252' title='bbox 276 3040 395 3100; x_wconf 91' lang='lat' dir='ltr'><strong>Praeter</strong></span> <span class='ocrx_word' id='word_1_253' title='bbox 410 3039 489 3100; x_wconf 87' lang='lat' dir='ltr'><strong>illurn</strong></span> <span class='ocrx_word' id='word_1_254' title='bbox 503 3038 601 3098; x_wconf 91' lang='lat' dir='ltr'><strong>locum</strong></span> <span class='ocrx_word' id='word_1_255' title='bbox 613 3038 691 3098; x_wconf 91' lang='lat' dir='ltr'><strong>idem</strong></span> <span class='ocrx_word' id='word_1_256' title='bbox 705 3057 780 3118; x_wconf 91' lang='lat' dir='ltr'><strong>opus</strong></span> <span class='ocrx_word' id='word_1_257' title='bbox 793 3039 910 3100; x_wconf 83' lang='lat' dir='ltr'><strong>adhibet</strong></span> <span class='ocrx_word' id='word_1_258' title='bbox 898 3050 947 3101; x_wconf 93' lang='lat' dir='ltr'><strong>tur</strong></span> <span class='ocrx_word' id='word_1_259' title='bbox 959 3060 1004 3120; x_wconf 89' lang='lat' dir='ltr'><strong>ap.</strong></span> <span class='ocrx_word' id='word_1_260' title='bbox 1018 3041 1116 3104; x_wconf 88' lang='lat' dir='ltr'><strong>Schol.</strong></span> 
     </span>
     <span class='ocr_line' id='line_1_32' title="bbox 55 3122 1117 3207; baseline -0.001 -20"><span class='ocrx_word' id='word_1_261' title='bbox 55 3128 143 3188; x_wconf 78' lang='lat' dir='ltr'><strong>Arist.</strong></span> <span class='ocrx_word' id='word_1_262' title='bbox 163 3127 212 3185; x_wconf 82' lang='lat' dir='ltr'><strong>hv.</strong></span> <span class='ocrx_word' id='word_1_263' title='bbox 230 3144 255 3185; x_wconf 90' lang='lat' dir='ltr'><strong>v.</strong></span> <span class='ocrx_word' id='word_1_264' title='bbox 276 3124 355 3185; x_wconf 76' lang='lat'>1403</span> <span class='ocrx_word' id='word_1_265' title='bbox 373 3124 433 3200; x_wconf 80' lang='lat' dir='ltr'><strong>(uhi</strong></span> <span class='ocrx_word' id='word_1_266' title='bbox 449 3143 503 3202; x_wconf 93' lang='lat' dir='ltr'><strong>pro</strong></span> <span class='ocrx_word' id='word_1_267' title='bbox 520 3122 725 3205; x_wconf 80' lang='grc' dir='ltr'><strong><em>Κραναικοῖς</em></strong></span> <span class='ocrx_word' id='word_1_268' title='bbox 739 3124 924 3184; x_wconf 87' lang='lat' dir='ltr'><strong>scribendum</strong></span> <span class='ocrx_word' id='word_1_269' title='bbox 942 3145 1008 3186; x_wconf 88' lang='lat' dir='ltr'><strong>esse</strong></span> <span class='ocrx_word' id='word_1_270' title='bbox 1022 3128 1117 3207; x_wconf 90' lang='grc' dir='ltr'><strong><em>Καρ-</em></strong></span> 
     </span>
     <span class='ocr_line' id='line_1_33' title="bbox 56 3202 1116 3289; baseline -0.001 -17"><span class='ocrx_word' id='word_1_271' title='bbox 56 3202 220 3282; x_wconf 83' lang='grc' dir='ltr'><strong><em>νεονικαις</em></strong></span> <span class='ocrx_word' id='word_1_272' title='bbox 239 3209 309 3270; x_wconf 89' lang='lat' dir='ltr'><strong>vidit</strong></span> <span class='ocrx_word' id='word_1_273' title='bbox 329 3210 438 3269; x_wconf 89' lang='lat' dir='ltr'><strong>Cordes</strong></span> <span class='ocrx_word' id='word_1_274' title='bbox 459 3227 505 3285; x_wconf 92' lang='lat' dir='ltr'><strong>ap.</strong></span> <span class='ocrx_word' id='word_1_275' title='bbox 520 3208 633 3269; x_wconf 82' lang='lat' dir='ltr'><strong>llahlm</strong></span> <span class='ocrx_word' id='word_1_276' title='bbox 644 3210 709 3283; x_wconf 76' lang='lat'><strong>⁸⁸).</strong></span> <span class='ocrx_word' id='word_1_277' title='bbox 731 3209 767 3268; x_wconf 91' lang='lat' dir='ltr'><strong>de</strong></span> <span class='ocrx_word' id='word_1_278' title='bbox 786 3209 893 3269; x_wconf 81' lang='lat' dir='ltr'><strong>Arione</strong></span> <span class='ocrx_word' id='word_1_279' title='bbox 914 3210 1116 3289; x_wconf 89' lang='lat' dir='ltr'><strong>Methymnaeo</strong></span> 
     </span>
     <span class='ocr_line' id='line_1_34' title="bbox 56 3293 565 3373; baseline -0.006 -18"><span class='ocrx_word' id='word_1_280' title='bbox 56 3298 216 3357; x_wconf 91' lang='lat' dir='ltr'><strong>chororum</strong></span> <span class='ocrx_word' id='word_1_281' title='bbox 232 3295 389 3373; x_wconf 90' lang='lat' dir='ltr'><strong>cycliorum</strong></span> <span class='ocrx_word' id='word_1_282' title='bbox 406 3293 565 3354; x_wconf 91' lang='lat' dir='ltr'><strong>conditore.</strong></span> 
     </span>
    </p>
   </div>
   <div class='ocr_carea' id='block_1_5' title="bbox 56 3560 1161 3897">
    <p class='ocr_par' dir='ltr' id='par_1_5' title="bbox 56 3560 1161 3897">
     <span class='ocr_line' id='line_1_35' title="bbox 142 3560 1161 3656; baseline -0.001 -29"><span class='ocrx_word' id='word_1_283' title='bbox 142 3567 219 3627; x_wconf 91' lang='lat' dir='ltr'><strong>Haec</strong></span> <span class='ocrx_word' id='word_1_284' title='bbox 234 3568 373 3626; x_wconf 91' lang='lat' dir='ltr'><strong>hactenns</strong></span> <span class='ocrx_word' id='word_1_285' title='bbox 389 3564 425 3623; x_wconf 89' lang='lat' dir='ltr'><strong>de</strong></span> <span class='ocrx_word' id='word_1_286' title='bbox 439 3562 561 3639; x_wconf 92' lang='lat' dir='ltr'><strong>singulis</strong></span> <span class='ocrx_word' id='word_1_287' title='bbox 574 3563 711 3622; x_wconf 86' lang='lat' dir='ltr'><strong>Hellanici</strong></span> <span class='ocrx_word' id='word_1_288' title='bbox 728 3563 875 3640; x_wconf 90' lang='lat' dir='ltr'><strong>operibus,</strong></span> <span class='ocrx_word' id='word_1_289' title='bbox 888 3560 1014 3656; x_wconf 79' lang='lat' dir='ltr'><strong>quibus</strong></span> <span class='ocrx_word' id='word_1_290' title='bbox 1006 3578 1035 3620; x_wconf 87' lang='grc' dir='ltr'><strong>ιι</strong></span> <span class='ocrx_word' id='word_1_291' title='bbox 1048 3581 1117 3641; x_wconf 88' lang='lat' dir='ltr'><strong>per·</strong></span> <span class='ocrx_word' id='word_1_292' title='bbox 1134 3584 1161 3626; x_wconf 81' lang='grc' dir='ltr'><strong>ιι</strong></span> 
     </span>
     <span class='ocr_line' id='line_1_36' title="bbox 56 3645 1116 3731; baseline -0.004 -21"><span class='ocrx_word' id='word_1_293' title='bbox 56 3651 212 3731; x_wconf 88' lang='lat' dir='ltr'><strong>sequendis</strong></span> <span class='ocrx_word' id='word_1_294' title='bbox 229 3649 316 3712; x_wconf 89' lang='lat' dir='ltr'><strong>simul</strong></span> <span class='ocrx_word' id='word_1_295' title='bbox 330 3648 400 3707; x_wconf 90' lang='lat' dir='ltr'><strong>illud</strong></span> <span class='ocrx_word' id='word_1_296' title='bbox 417 3647 488 3706; x_wconf 90' lang='lat' dir='ltr'><strong>mihi</strong></span> <span class='ocrx_word' id='word_1_297' title='bbox 503 3653 606 3706; x_wconf 91' lang='lat' dir='ltr'><strong>nactus</strong></span> <span class='ocrx_word' id='word_1_298' title='bbox 623 3665 688 3705; x_wconf 90' lang='lat' dir='ltr'><strong>esse</strong></span> <span class='ocrx_word' id='word_1_299' title='bbox 702 3646 860 3717; x_wconf 88' lang='lat' dir='ltr'><strong>rideor‚t</strong></span> <span class='ocrx_word' id='word_1_300' title='bbox 827 3654 860 3707; x_wconf 95' lang='lat' dir='ltr'><strong>ut</strong></span> <span class='ocrx_word' id='word_1_301' title='bbox 875 3645 966 3725; x_wconf 91' lang='lat' dir='ltr'><strong>quid</strong></span> <span class='ocrx_word' id='word_1_302' title='bbox 960 3665 989 3707; x_wconf 92' lang='lat' dir='ltr'><strong>nr</strong></span> <span class='ocrx_word' id='word_1_303' title='bbox 1000 3645 1116 3706; x_wconf 85' lang='lat' dir='ltr'><strong>univer·</strong></span> 
     </span>
     <span class='ocr_line' id='line_1_37' title="bbox 57 3730 1117 3815; baseline -0.007 -18"><span class='ocrx_word' id='word_1_304' title='bbox 57 3754 123 3796; x_wconf 88' lang='lat' dir='ltr'><strong>sum</strong></span> <span class='ocrx_word' id='word_1_305' title='bbox 146 3738 182 3797; x_wconf 90' lang='lat' dir='ltr'><strong>de</strong></span> <span class='ocrx_word' id='word_1_306' title='bbox 196 3737 306 3797; x_wconf 90' lang='lat' dir='ltr'><strong>Nostro</strong></span> <span class='ocrx_word' id='word_1_307' title='bbox 329 3731 515 3793; x_wconf 90' lang='lat' dir='ltr'><strong>iudicandum</strong></span> <span class='ocrx_word' id='word_1_308' title='bbox 538 3730 684 3803; x_wconf 87' lang='lat' dir='ltr'><strong>videatur,</strong></span> <span class='ocrx_word' id='word_1_309' title='bbox 706 3747 792 3815; x_wconf 90' lang='lat' dir='ltr'><strong>quem</strong></span> <span class='ocrx_word' id='word_1_310' title='bbox 807 3730 884 3790; x_wconf 86' lang='lat' dir='ltr'><strong>inter</strong></span> <span class='ocrx_word' id='word_1_311' title='bbox 897 3731 1054 3793; x_wconf 88' lang='lat' dir='ltr'><strong>historicos</strong></span> <span class='ocrx_word' id='word_1_312' title='bbox 1070 3731 1117 3792; x_wconf 94' lang='lat' dir='ltr'><strong>lo-</strong></span> 
     </span>
     <span class='ocr_line' id='line_1_38' title="bbox 57 3807 1115 3897; baseline -0.005 -16"><span class='ocrx_word' id='word_1_313' title='bbox 57 3841 123 3882; x_wconf 91' lang='lat' dir='ltr'><strong>cum</strong></span> <span class='ocrx_word' id='word_1_314' title='bbox 139 3820 259 3891; x_wconf 86' lang='lat' dir='ltr'><strong>habeat,</strong></span> <span class='ocrx_word' id='word_1_315' title='bbox 281 3818 350 3897; x_wconf 92' lang='lat' dir='ltr'><strong>quid</strong></span> <span class='ocrx_word' id='word_1_316' title='bbox 371 3815 519 3887; x_wconf 90' lang='lat' dir='ltr'><strong>meruerit,</strong></span> <span class='ocrx_word' id='word_1_317' title='bbox 535 3814 603 3893; x_wconf 90' lang='lat' dir='ltr'><strong>qnid</strong></span> <span class='ocrx_word' id='word_1_318' title='bbox 620 3807 824 3893; x_wconf 87' lang='lat' dir='ltr'><strong>imperfectum</strong></span> <span class='ocrx_word' id='word_1_319' title='bbox 840 3814 1003 3892; x_wconf 85' lang='lat' dir='ltr'><strong>reliquerit,</strong></span> <span class='ocrx_word' id='word_1_320' title='bbox 1022 3817 1115 3896; x_wconf 87' lang='lat' dir='ltr'><strong>magis</strong></span> 
     </span>
    </p>
   </div>
   <div class='ocr_carea' id='block_1_6' title="bbox 111 3982 914 4120">
    <p class='ocr_par' dir='ltr' id='par_1_6' title="bbox 111 3982 914 4120">
     <span class='ocr_line' id='line_1_39' title="bbox 126 3982 846 4048; baseline -0.004 -14"><span class='ocrx_word' id='word_1_321' title='bbox 126 3985 168 4047; x_wconf 74' lang='lat'><strong>88)</strong></span> <span class='ocrx_word' id='word_1_322' title='bbox 188 3983 234 4048; x_wconf 82' lang='lat' dir='ltr'><strong>[Cf.</strong></span> <span class='ocrx_word' id='word_1_323' title='bbox 247 3986 420 4036; x_wconf 85' lang='lat' dir='ltr'><strong>Schneidewin</strong></span> <span class='ocrx_word' id='word_1_324' title='bbox 435 3985 464 4033; x_wconf 90' lang='lat' dir='ltr'><strong>de</strong></span> <span class='ocrx_word' id='word_1_325' title='bbox 478 3983 543 4031; x_wconf 87' lang='lat' dir='ltr'><strong>Laso</strong></span> <span class='ocrx_word' id='word_1_326' title='bbox 557 3982 730 4034; x_wconf 80' lang='lat' dir='ltr'><strong>Hermionensi</strong></span> <span class='ocrx_word' id='word_1_327' title='bbox 743 3997 784 4048; x_wconf 83' lang='lat' dir='ltr'><strong>pg.</strong></span> <span class='ocrx_word' id='word_1_328' title='bbox 799 3982 846 4044; x_wconf 90' lang='grc'><strong>11],</strong></span> 
     </span>
     <span class='ocr_line' id='line_1_40' title="bbox 111 4063 914 4120; baseline -0.009 -15"><span class='ocrx_word' id='word_1_329' title='bbox 111 4063 234 4113; x_wconf 82' lang='lat' dir='ltr'><strong>Preller,</strong></span> <span class='ocrx_word' id='word_1_330' title='bbox 248 4077 339 4120; x_wconf 80' lang='lat' dir='ltr'><strong>ausgew.</strong></span> <span class='ocrx_word' id='word_1_331' title='bbox 352 4063 459 4106; x_wconf 75' lang='lat' dir='ltr'><strong>hulsttze.</strong></span> <span class='ocrx_word' id='word_1_332' title='bbox 899 4069 914 4116; x_wconf 82' lang='lat'>5</span> 
     </span>
    </p>
   </div>
   <div class='ocr_carea' id='block_1_7' title="bbox 0 0 1284 4530">
    <p class='ocr_par' dir='ltr' id='par_1_7' title="bbox 0 0 1284 4530">
     <span class='ocr_line' id='line_1_41' title="bbox 0 0 1284 4530; baseline 0 0"><span class='ocrx_word' id='word_1_333' title='bbox 0 0 1284 4530; x_wconf 95' lang='lat' dir='ltr'><strong> </strong></span> 
     </span>
    </p>
   </div>
  </div>
 </body>
</html>
