2558 4530
415 367 456 416 lle
475 367 625 434 Aeschyli
644 368 760 419 Persis.
1103 375 1116 423 7

59 536 208 597 Boreadae
223 536 328 596 heroes
344 555 361 596 a
375 534 470 596 foedis
482 533 606 614 Harpyis
621 533 753 595 liberant.
782 535 909 597 Phineus
921 547 1020 615 gratus
1035 542 1116 602 navi-

60 621 195 700 gantibus
212 621 328 682 Graecis
343 638 405 681 non
422 621 518 680 solum
534 638 575 692 ea,
593 637 665 699 quae
684 620 757 698 ipsis
772 639 827 699 per
845 628 936 682 totam
955 626 1117 704 expeditio-

59 725 127 768 nem
144 707 262 779 instent,
278 706 456 779 vaticinatur,
472 704 624 765 sedetiam
641 704 676 765 ah
692 705 737 778 iis,
754 724 828 785 quae
842 722 923 767 nuuc
937 718 1014 783 sunt,
1028 712 1117 773 rebus

60 810 162 854 ansam
184 792 283 865 sumit,
303 811 360 865 eas,
381 810 452 870 quae
472 790 643 869 peremnia
664 790 775 851 saecula
796 790 980 870 insequentia
1001 793 1117 857 Graecis

59 896 128 939 cum
144 877 279 938 Barbaris
295 877 507 938 intercessurae
523 875 591 948 sint,
608 875 736 936 rationes
752 875 928 938 vaticinandi
939 882 950 918 1
961 880 997 955 1).

146 962 286 1023 Attioehit
300 963 347 1023 hio
362 981 452 1042 pauca
467 962 571 1022 addere

107 1050 135 1123 1)
152 1048 188 1108 de
202 1047 313 1108 Phineo
328 1066 395 1125 rege
411 1055 439 1109 et
452 1054 523 1108 arete.
554 1047 691 1107 Diversae
711 1047 747 1107 de
766 1064 801 1106 eo
823 1046 990 1110 ferebantur
1010 1066 1116 1127 genea-

57 1133 161 1212 logiae,
178 1152 213 1192 eo
227 1134 451 1206 eonsentientes,
467 1140 500 1193 ut
515 1150 618 1192 omnes
635 1150 701 1192 eum
714 1151 749 1192 ex
761 1130 876 1194 Oriente
891 1151 983 1212 genus
1000 1134 1118 1196 duxisse
1132 1154 1158 1195 1⁴4

59 1219 249 1279 affirmarent.
273 1218 441 1297 Implieatnr
454 1218 531 1278 enim
547 1217 576 1276 in
593 1217 722 1296 amplum
738 1216 808 1277 illud
820 1226 954 1291 stemma,
970 1220 1117 1299 quodLo-

58 1303 199 1382 gographi
215 1302 282 1363 dicti
298 1302 333 1363 de
348 1303 505 1382 Aegyptiis
528 1301 736 1375 Phoenicibus
752 1301 861 1376 Persis
883 1304 1006 1384 Scythis,
1027 1323 1117 1366 cunc-

57 1389 95 1448 tis
108 1387 233 1466 denique
247 1387 414 1448 nationibus
428 1387 533 1448 exteris
546 1389 585 1448 ita
598 1387 777 1458 effluxerant,
793 1394 825 1447 ut
836 1406 885 1447 eas
899 1407 1001 1449 omnes
1013 1390 1117 1468 primi-

58 1473 114 1534 tiva
130 1473 256 1552 quedam
272 1472 419 1543 affinitate,
442 1479 471 1532 et
490 1471 576 1532 caah
596 1472 670 1548 ipsis
691 1471 816 1542 Graecis,
837 1473 1011 1534 nominatim
1031 1475 1066 1533 eh
1085 1475 1118 1534 lo

58 1557 164 1636 Argiva
176 1557 307 1634 repetita,
318 1557 411 1618 teneri
423 1557 568 1618 fecissent.
592 1556 656 1627 Qua
672 1556 702 1615 in
712 1555 819 1616 familia
832 1557 879 1617 alii
890 1576 957 1619 eum
972 1559 1011 1619 ita
1027 1559 1118 1620 collo-

59 1649 136 1713 cant,
163 1649 196 1702 ut
217 1660 282 1702 eum
303 1641 446 1720 Agenoris
466 1642 509 1701 vel
529 1640 686 1702 Phoenicis
707 1641 890 1718 Agenoridae
908 1643 1001 1704 filium
1026 1643 1118 1705 luisse

30 1772 33 1776 -
59 1727 232 1804 dieant12);
255 1726 300 1788 alii
326 1746 392 1788 cnm
410 1726 430 1787 'a
449 1726 518 1787 Belo
540 1726 697 1787 oriundum
722 1726 870 1805 fratreque
890 1727 1007 1807 Cepheo
1030 1747 1117 1789 usum

56 1832 123 1874 esse
139 1812 307 1888 volunt13).
350 1811 456 1890 Cephei
480 1811 569 1872 filiam
590 1811 807 1872 Andromedam
836 1831 852 1872 a
877 1813 987 1874 Perseo
1007 1815 1118 1895 Persen

56 1899 171 1960 enixam
188 1901 321 1975 esse14)‚
343 1897 453 1958 Persen
474 1904 570 1957 eutem
586 1897 741 1958 Persarum
759 1897 892 1957 omnium
908 1916 1050 1977 proavum
1066 1918 1116 1958 ex-

56 1984 178 2046 stitisse.
208 1984 298 2061 Igitur
312 1983 441 2043 Phineus
461 1982 620 2043 avunculus
636 1981 734 2043 Persis
754 1988 808 2053 est,
829 1984 929 2061 proavi
949 1984 1116 2054 Persarum,

56 2071 139 2150 cnjus
155 2068 325 2148 progeniem
346 2068 431 2129 etiam
451 2067 576 2127 Xerxem
596 2086 661 2127 esse
680 2067 744 2145 ipse
759 2067 918 2147 Aeschylus
941 2068 1117 2144 indicat15).

54 2156 147 2233 Igitur
162 2154 290 2215 Phineus
306 2152 525 2232 quodammodo
541 2153 630 2212 Persa
644 2151 789 2231 mythicns
806 2161 859 2223 est,
884 2159 913 2212 et
933 2152 981 2232 qui
1002 2153 1031 2212 in
1053 2171 1156 2216 eam15

54 2239 210 2318 trilogiam,
230 2239 312 2317 cujus
329 2236 465 2299 articulus
481 2237 594 2298 medius
613 2244 641 2298 et
661 2237 829 2316 principalis
844 2237 950 2299 Persae
969 2238 1118 2318 tragoedia

56 2332 113 2398 est,
129 2324 243 2402 egregie
257 2323 400 2402 implicari
416 2330 528 2400 posset.

56 2467 128 2474 ρ...
134 2462 260 2470 .-.----.

132 2536 173 2599 ll)
186 2535 239 2586 lloc
251 2535 287 2584 ita
299 2533 329 2583 eh
342 2533 468 2599 Aeschylo
481 2532 622 2582 institutum
640 2547 697 2582 esse
710 2532 824 2596 dixerim,
841 2533 915 2581 sicuti
932 2535 956 2582 in
969 2533 1118 2586 Prometheo

59 2609 94 2671 (v.
108 2604 158 2656 698
171 2604 229 2669 sq).
254 2602 429 2653 Prometheum
445 2600 471 2650 lo
489 2601 571 2650 exsuli
588 2600 706 2650 vaticinia
718 2601 789 2650 varia
807 2607 940 2661 serentem,
959 2617 1061 2669 eamque
1074 2619 1120 2671 per

56 2675 153 2736 vurios,
166 2688 229 2738 quos
242 2672 285 2721 illa
297 2686 355 2719 mox
367 2676 465 2720 tactura
478 2676 541 2729 erat,
554 2668 659 2734 populos
672 2676 699 2718 et
711 2670 828 2732 regiones
841 2677 1033 2735 prosequentem
1049 2670 1117 2722 lacit.

57 2744 113 2809 Quo
125 2743 150 2792 in
161 2757 189 2791 re
202 2755 258 2790 eum
271 2753 333 2804 quaa
347 2738 405 2787 olim
421 2737 525 2787 Graecis
542 2743 568 2786 et
580 2737 665 2786 Persis
683 2735 767 2787 futura
781 2745 875 2803 essent,
888 2739 919 2788 ad
930 2739 1069 2803 analogium
1081 2758 1117 2791 vr.

56 2811 107 2862 836
121 2825 158 2876 sq.
171 2810 278 2860 fluxisse
296 2813 488 2857 consentaneum
510 2811 558 2855 est.
589 2805 679 2871 Quidni
695 2812 809 2871 putemus
827 2805 945 2856 Phineum
962 2807 992 2857 ah
1009 2809 1117 2859 Hercule

55 2893 137 2946 usque
149 2879 180 2927 ud
192 2877 306 2927 Xerxem
328 2873 368 2938 (cl.
383 2881 434 2924 not.
450 2874 488 2936 15)
507 2889 646 2924 sermonem
663 2876 828 2940 perduxisse?
852 2873 925 2924 Modo
942 2876 967 2925 id
986 2877 1117 2927 obscurius

56 2956 84 2999 et
96 2947 195 2997 uonnlsi
207 2952 275 2996 tecte
287 2942 379 2993 factum
391 2958 447 2993 esse
461 2949 583 3008 putemus.

128 3015 168 3076 12)
182 3014 267 3064 Schol.
280 3012 396 3077 Apollon.
410 3011 440 3062 ll.
453 3011 513 3061 178.

129 3083 168 3143 13)
183 3081 326 3147 Euripides.
338 3079 459 3146 Hyginus.

129 3152 169 3213 11)
183 3150 329 3216 Apollodor.
342 3146 361 3197 l.
375 3149 398 3197 9.
413 3147 453 3197 28.
468 3147 492 3196 5.
519 3146 608 3197 Straho
621 3144 666 3196 Xl.
680 3161 704 3211 p.
717 3146 774 3196 798.
787 3146 813 3195 Β.
827 3145 918 3196 Herod.
931 3146 984 3197 Vll.
995 3146 1037 3196 61.

130 3219 168 3281 15)
182 3219 258 3280 Fugit
270 3218 334 3266 enim
346 3217 416 3267 viros
430 3217 517 3265 doctos
530 3216 593 3281 apud
606 3216 687 3280 ipsum
699 3215 849 3281 Aeschylum
862 3214 914 3264 Prs.
931 3231 955 3264 v.
968 3214 1008 3264 80.
1022 3215 1116 3264 indicu-

56 3292 150 3340 tionem
163 3286 237 3349 hujus
249 3300 377 3336 connexos
390 3300 455 3347 esse,
475 3299 522 3350 qua
539 3285 636 3348 quidem
648 3282 773 3332 vinculum
786 3283 855 3343 illud,
872 3283 936 3346 quod
949 3282 1034 3331 Persis
1051 3289 1116 3343 trag.

58 3373 114 3407 cum
126 3357 218 3406 Phineo
232 3354 371 3416 intercedit,
384 3354 538 3417 aliquantum
550 3353 628 3415 magis
642 3350 783 3400 invalescit.
806 3350 909 3399 Xerxes
919 3350 951 3399 ihi
962 3348 1116 3414 appellatur:

328 3416 515 3491 Χρυσογόνου
532 3421 629 3486 γενεᾶς
646 3413 763 3472 ἰσόθεος
780 3417 847 3484 φῶς.

59 3493 145 3543 Genus
158 3507 218 3541 auro
232 3497 387 3558 prognatum,
401 3490 491 3555 quippe
505 3490 568 3553 quod
581 3503 595 3535 u
609 3486 702 3534 Perseo
715 3483 892 3545 deducebatur,
906 3498 977 3547 quem
988 3482 1072 3532 Danae
1084 3499 1116 3532 ex

58 3563 123 3611 Jove
136 3561 160 3609 in
173 3561 281 3625 pluviem
293 3574 393 3608 aureum
406 3561 556 3607 commutato
570 3558 729 3613 conceperat.
754 3549 867 3598 Xerxem
880 3566 894 3598 e
908 3548 995 3599 Persei
1008 3551 1117 3615 posteris

59 3645 117 3680 esse
130 3629 247 3679 similiter
259 3628 331 3688 fingit
342 3626 490 3692 Lycophron
504 3621 574 3670 Cass.
587 3635 610 3668 v.
625 3616 690 3665 1413
704 3633 756 3682 sqq.

296 3691 363 3744 Ἀλλ’
378 3687 441 3743 ἀντὶ
454 3686 568 3741 πάντων
579 3684 711 3752 Περσέως
722 3683 771 3738 ἕνα
785 3685 895 3750 σπορᾶς

294 3761 394 3812 Στελεῖ
403 3762 531 3826 γίγαντα,
544 3756 582 3823 aqi
594 3753 727 3806 θάλασσα
737 3751 791 3822 μὲν
801 3749 868 3818 βατὴ

295 3829 374 3894 Πεζῴ
387 3823 449 3876 ποτ’
465 3823 548 3885 ἔσται,
561 3824 597 3892 γῆ
610 3821 641 3875 δὲ
653 3817 903 3887 ναυσθλωθήσεται

292 3893 439 3963 ‘Pheneum
451 3891 554 3957 nqdoie
560 3892 676 3961 χέρσον.

59 3969 189 4020 Fortassis
201 3967 350 4034 Lycophron
363 3980 393 4014 ea
406 3979 439 4013 ex
451 3962 544 4013 Phineo
556 3961 676 4027 Aeschyli
689 3959 804 4025 petierat,
822 3959 864 4008 uhi
876 3961 937 4010 tulin
954 3960 1038 4023 aliquo
1050 3956 1116 4006 iudi-

60 4045 117 4088 cate
128 4035 209 4086 luisse
222 4033 419 4087 verisimileest.
