2558 4530
173 345 206 394 24
590 340 631 391 ue
650 339 816 392 llcllenieo

174 511 320 573 habehant
334 510 550 590 plurimumque
573 510 608 573 ad
630 509 776 573 civitatum
797 508 977 587 singularum
998 509 1234 591 templorumque

174 604 365 658 monumenta
386 596 556 669 enarranda,
582 597 774 675 locorumque
792 594 965 656 traditiones
985 594 1020 655 ad
1043 613 1232 659 communem

174 702 261 745 usum
288 682 491 762 propagandas
516 682 621 743 fecisse
646 680 837 759 putabantur,
868 679 938 758 quin
963 687 1086 759 propter
1111 683 1232 760 gratiam

176 769 318 848 quandam
335 769 523 847 nativumque
538 767 569 826 in
584 765 746 844 eloquendo
764 766 900 826 decorem
915 765 1002 825 etiam
1018 765 1232 831 delicatioribus

149 869 161 906 2
175 855 274 915 talium
286 873 386 915 rerum
403 851 529 921 arbitris
542 850 620 912 velut
633 851 771 930 Dionysio
783 851 1029 912 Halicarnassensi
1041 856 1233 916 commenda-

173 939 246 1000 biles
263 939 434 999 videbantur
444 939 480 1013 1).
506 936 519 997 l
533 956 549 997 a
563 936 671 998 factum
687 944 719 999 ut
729 936 907 997 recentiores
919 955 1036 1016 quoque
1049 937 1118 1016 quid
1131 939 1167 1000 de
1179 941 1232 1002 illis

173 1024 318 1104 explorari
333 1032 436 1102 posset
450 1021 629 1083 industriose
644 1029 830 1101 quaererent,
850 1021 927 1100 quod
947 1030 1106 1102 postquam
1127 1025 1231 1087 eximio

174 1128 241 1170 cum
256 1109 352 1169 fructu
367 1108 528 1186 praeiverat
543 1106 716 1182 (homerus,
735 1108 826 1168 secuti
842 1113 912 1168 sunt
927 1106 981 1179 alii,
1003 1115 1035 1168 ut
1050 1127 1129 1170 nunc
1143 1111 1232 1172 ferme

175 1194 272 1254 omnis
292 1193 417 1254 istorum
436 1193 655 1266 historicorum,
676 1193 711 1254 de
732 1193 837 1271 quibus
858 1192 978 1267 nonnisi
1003 1212 1037 1254 ex
1062 1194 1231 1274 fragmentis

173 1285 298 1350 constat,
313 1279 455 1340 memoria
469 1278 665 1357 peculiaribus
682 1278 892 1360 scriptionibus
908 1277 1049 1341 illustrata
1065 1280 1111 1354 sit,
1127 1281 1231 1361 quibus

173 1372 203 1426 et
220 1384 294 1444 quae
314 1365 390 1443 apud
411 1363 627 1425 diversissimos
652 1370 786 1426 auctores
810 1384 844 1425 ex
864 1363 985 1442 singulis
1006 1364 1181 1428 adhibentur
1203 1369 1232 1429 in

172 1468 263 1512 unum
278 1450 376 1511 locum
392 1451 488 1511 solent
499 1450 647 1531 componi,
662 1458 691 1511 et
705 1450 741 1512 de
755 1451 812 1511 vita
828 1450 969 1528 cuiusque
983 1449 1076 1529 deque
1096 1453 1232 1515 testimo·

172 1537 229 1598 niis
250 1542 395 1608 veterum,
417 1536 523 1614 quibus
540 1537 583 1596 vel
604 1536 759 1597 laudantur
779 1536 822 1597 vel
846 1535 1056 1615 vituperantur,
1084 1537 1232 1618 diligenter

173 1622 348 1700 disputatur.
376 1621 463 1693 Quod
478 1622 513 1682 ad
530 1639 648 1682 omnem
663 1621 822 1682 litterarum
837 1621 1040 1683 tractationem
1056 1622 1232 1687 fructuosis-

174 1707 282 1767 simum
299 1725 364 1766 esse
379 1713 494 1766 constat
509 1708 584 1766 inter
600 1724 719 1780 omnes;
735 1706 786 1767 sed
798 1707 898 1768 nescio
916 1723 952 1767 au
967 1724 1029 1767 non
1045 1708 1155 1788 optima
1172 1712 1232 1790 plc-

173 1810 298 1870 rumque
313 1810 361 1851 eae
378 1791 598 1870 disquisitiones
610 1791 800 1853 instituantur
813 1792 919 1854 forma.
949 1792 1064 1853 Etenim
1076 1813 1138 1855 non
1150 1797 1234 1859 multi

174 1878 250 1937 istuc
265 1876 384 1955 quidem
405 1877 514 1954 negotii
531 1884 583 1949 est,
604 1877 729 1938 scrutari
744 1878 864 1951 indices,
887 1878 970 1939 locos
987 1897 1155 1960 excerpere,
1177 1901 1233 1945 nu·

174 1981 302 2035 merare,
323 1962 470 2035 adnotare,
492 1961 602 2023 devita
625 1969 710 2041 atque
731 1964 848 2043 scriptis
872 1964 1012 2044 cuiusque
1032 1969 1232 2042 commentari,

174 2066 349 2127 quamquam
367 2048 454 2107 etiam
470 2047 528 2108 hoc
538 2047 680 2109 laudabile
695 2057 753 2123 est3
768 2068 869 2111 verum
881 2058 972 2112 restat
983 2051 1061 2128 quod
1073 2053 1233 2116 maximum

174 2141 219 2194 cst
233 2140 318 2211 atque
331 2131 542 2205 difficillimum,
556 2140 597 2205 ut,
614 2135 662 2213 qui
678 2135 763 2196 veluti
777 2135 930 2214 discerptis
942 2134 1079 2214 Orpheus
1092 2139 1232 2201 membris

173 2218 247 2279 iacet
262 2218 398 2297 scriptor,
413 2217 437 2276 is
454 2217 488 2277 ad
506 2219 639 2299 corporis
655 2220 741 2281 etiam
757 2221 832 2283 illius
849 2221 918 2282 olim
933 2221 1048 2283 robusti
1069 2223 1168 2286 sinon
1184 2246 1232 2287 ve-

173 2322 236 2363 ram
263 2304 401 2381 liguram,
425 2310 523 2364 tamen
543 2305 764 2368 similitudinem
791 2307 936 2387 quandam
962 2315 1049 2386 atque
1075 2309 1233 2373 divinatam

173 2388 301 2466 speciem
318 2388 505 2450 instauretur.
533 2391 618 2463 Quod
634 2391 720 2453 sicuti
736 2412 752 2453 3
766 2393 915 2472 plerisque
930 2411 1033 2473 parum
1046 2395 1179 2469 eflicitur,
1195 2397 1233 2460 ita

173 2473 306 2535 Sturzius
319 2493 494 2553 quamquam
506 2475 615 2538 iteratis
628 2479 707 2540 curis
718 2479 852 2541 tractavit
864 2479 1039 2541 Hellanicum
1050 2480 1232 2559 Lesbium2),

171 2568 269 2620 tamen
284 2561 428 2640 permulta
444 2560 505 2621 aliis
518 2561 698 2625 observanda
709 2564 832 2643 reliquit.
855 2564 928 2624 Nam
944 2565 1044 2625 titulos
1056 2566 1102 2625 ille
1114 2566 1232 2645 quidem

173 2664 294 2725 operum
310 2646 448 2707 Hellanioi
470 2647 662 2718 enumeravit,
683 2647 847 2725 fragmenta
867 2649 1016 2725 congessit
1035 2657 1120 2728 atque
1140 2653 1252 2731 expli·

174 2730 246 2804 ouit3
263 2748 437 2811 quamquam
452 2731 483 2790 in
497 2731 544 2791 his
560 2749 685 2809 quoque,
703 2750 777 2808 quae
792 2732 890 2809 primo
906 2732 1019 2809 impetu
1031 2737 1231 2812 perficiuntur,

172 2815 298 2877 multum
314 2817 479 2879 caecutivit:
496 2816 668 2876 interiorem
683 2833 751 2874 vero
767 2814 910 2875 librorum
935 2815 1079 2875 rationem
1101 2819 1125 2877 si
1142 2840 1231 2897 quae-

172 2920 220 2977 ras
236 2921 424 2981 omnemquc,
444 2917 502 2977 quo
523 2899 554 2958 111
574 2905 745 2976 argumento
765 2898 935 2977 explicando
957 2899 1083 2976 scriptor
1098 2913 1232 2968 versatus

172 2986 211 3048 sit
224 2989 346 3048 modum
359 2987 384 3046 si
400 2982 549 3060 respicias,
564 2983 658 3043 ferme
671 2982 743 3042 nihil
755 2983 914 3044 doceberis.
942 2983 1021 3055 Quae
1033 3001 1098 3044 311111
1112 2984 1150 3046 ita
1162 2987 1231 3062 sint,

172 3092 277 3152 operae
293 3071 418 3150 pretium
435 3068 566 3125 futurum
579 3067 710 3141 iudicavi,
726 3068 751 3128 si
767 3069 845 3147 quod
866 3069 912 3130 ille
927 3069 1067 3148 neglexit,
1088 3089 1142 3149 ego
1164 3091 1231 3151 gra-

171 3158 325 3218 vissimum
340 3154 371 3213 in
386 3149 491 3210 talibus
508 3153 802 3215 commentationibus
824 3174 889 3216 esse
912 3155 1060 3230 existimo,
1081 3166 1231 3236 praestaro

171 3244 201 3303 iu
216 3239 363 3301 Hellanico
377 3250 512 3307 conarer3
525 3253 580 3313 qua
596 3236 626 3297 in
640 3256 673 3298 re
689 3238 743 3300 dici
758 3258 820 3300 non
835 3247 935 3320 potest
949 3250 1090 3322 quantum
1113 3244 1229 3308 adiutus

144 3352 156 3390 a
172 3326 228 3387 sim
244 3320 358 3401 egregia
372 3318 576 3382 dissertatione
587 3322 725 3386 Boeckbii
741 3325 777 3386 de
787 3326 963 3389 Philochoro
974 3328 1013 3407 ³),
1029 3330 1141 3409 optimo
1158 3332 1230 3393 sub-

241 3534 263 3596 1)
276 3535 313 3585 113
326 3536 437 3605 Thucyd.
450 3537 524 3589 indic.
537 3539 560 3589 5.
574 3540 615 3590 ubi
628 3541 658 3591 de
670 3541 780 3610 antiquis
794 3542 844 3593 illis
857 3544 1024 3610 scriptoribus
1037 3545 1060 3595 in
1074 3547 1229 3613 universum,

170 3601 310 3686 ἐπιτρέχει
320 3606 418 3672 μέντοι
429 3623 471 3663 τις
480 3600 538 3673 ὥρα
550 3613 610 3665 τοῖς
622 3606 714 3679 ἔργοις
726 3605 873 3663 αὐτῶνκαὶ
886 3609 977 3681 χάρις,
991 3617 1049 3669 τοῖς
1060 3612 1113 3681 μὲν
1125 3616 1231 3669 πλείων

171 3674 230 3727 τοῖς
242 3670 259 3722 d
269 3668 395 3738 ἐλάττων,
409 3670 443 3724 de'
458 3669 492 3738 ἣν
504 3674 545 3726 ἔτι
556 3678 691 3744 μένουσιν
703 3675 793 3733 αὐτῶν
805 3681 835 3730 αἱ
846 3684 962 3750 γραφαί.

239 3741 264 3803 2)
283 3740 404 3792 1131133131
421 3743 505 3793 Lesbii
523 3742 661 3807 fragmenta
679 3763 692 3796 3
711 3749 788 3799 variis
806 3750 972 3814 scriptoribus
995 3750 1099 3812 collegit
1116 3758 1164 3801 etc.
1200 3753 1230 3804 ll.

172 3805 337 3859 Guil.Sturz.
362 3811 444 3861 Editio
457 3813 547 3862 altera.
573 3812 673 3878 Lipsiae
688 3814 760 3866 1826.
779 3815 802 3866 8.
1184 3849 1195 3873 ι

240 3875 499 3938 313313113111311
518 3881 563 3929 der
581 3880 665 3930 Atthis
683 3883 726 3932 des
743 3883 913 3946 Philochoros,
932 3884 1027 3934 llistcr.
1040 3886 1160 3951 philolog.
1178 3889 1230 3938 Ab·

171 3944 328 4061 banldlqueu
348 3948 393 3996 der
408 3946 441 3997 lt.
457 3947 537 3999 111311.
556 3949 601 3998 der
613 3948 833 4002 Wissenscbaften
851 3969 875 4002 z.
887 3952 972 4001 berlin
991 3968 1012 4002 a.
1027 3954 1049 4004 d.
1068 3955 1143 4004 lehre
1164 3956 1230 4006 1832

173 4026 198 4076 p.
229 4040 262 4050 -
298 4048 305 4063 .
