2558 4530
193 358 245 414 140
625 360 672 413 De
692 372 811 412 caussa

140 537 180 579 coa
194 517 272 578 tibus
291 523 351 576 tam
373 515 605 589 vehementibus,
630 523 662 577 ut
681 533 747 576 cum
771 512 959 574 Maenadibus
982 514 1236 591 componanturq.

193 601 259 662 Scio
272 600 470 677 boettigerum
485 619 577 679 genus
595 601 740 680 quoddam
758 598 919 660 saltationis
931 616 1030 658 sacrae
1046 605 1237 658 commentum

195 706 268 759 esse,
286 705 343 765 quo
362 686 525 766 Caryatidas
541 687 628 747 simul
644 693 724 746 artus
739 684 871 756 iactasse,
888 683 975 743 simul
990 683 1019 743 in
1038 683 1184 763 capitibus
1197 701 1238 744 ne

194 772 255 832 scio
273 771 340 850 quid
356 789 453 831 sacrae
469 771 653 850 supellectilis
670 777 848 831 sustentasse
860 768 973 842 statuit3
989 767 1042 828 sed
1054 787 1162 829 vereor
1176 767 1239 829 utin

193 856 392 918 monumentis
406 857 508 916 artium
521 856 703 934 reperiantur
714 856 821 933 figurae
832 854 876 913 vel
887 855 922 914 ad
932 853 1156 931 imaginandum
1170 871 1239 914 com-

192 940 406 1021 plicatissimae.
437 941 531 1001 Immo
552 940 768 1001 accuratissime
788 939 1025 1016 distinguendum
1047 938 1164 999 videtur
1177 939 1240 998 inter

193 1026 357 1105 Caryatidas
373 1025 509 1086 saltantes
525 1032 553 1085 et
569 1027 698 1104 epistylia
714 1032 874 1102 portantes.
903 1023 997 1083 Etiam
1013 1022 1132 1083 illarum
1149 1022 1240 1100 imagi·

193 1130 245 1172 nes
262 1118 471 1188 expresserunt
485 1111 608 1170 artifices
624 1111 735 1181 Graeci,
752 1110 803 1170 sed
820 1108 1022 1169 diversissimo
1040 1107 1078 1168 ab
1092 1109 1135 1168 eis
1148 1107 1238 1186 signis,

193 1196 286 1275 qualia
302 1195 465 1274 Polycletus
481 1203 509 1255 et
524 1195 635 1274 Scopas
652 1195 788 1266 fecerant,
805 1192 914 1253 habitu.
943 1191 993 1252 Sic
1007 1192 1183 1253 Praxitelem
1200 1211 1239 1252 ac-

193 1282 318 1359 cipimus
338 1280 501 1359 Caryatidas
521 1280 637 1353 fecisse,
664 1280 714 1340 sed
735 1285 952 1358 componuntur
976 1276 1049 1338 haec
1074 1278 1159 1356 signa
1184 1295 1239 1337 cum

192 1365 379 1426 Maenadibus
400 1372 427 1425 et
443 1364 625 1444 Thyadibus,
644 1383 669 1423 v.
685 1364 758 1424 Plin.
774 1364 807 1422 N.
824 1363 858 1422 H.
874 1361 1006 1431 XXXVI,
1028 1364 1062 1434 4,
1079 1363 1098 1422 5
1117 1363 1239 1434 „Romae

193 1450 342 1511 Praxitelis
364 1469 453 1529 opera
469 1457 537 1510 sunt
551 1485 592 1494 —
608 1456 636 1509 et
649 1448 802 1509 Maenades
823 1455 852 1507 et
867 1466 938 1526 quas
954 1446 1090 1524 Thyades
1105 1453 1207 1508 vocant
1218 1452 1240 1505 et

193 1536 377 1614 Caryatidas“
393 1535 559 1612 similesque
571 1535 677 1612 figuras
692 1534 784 1594 fuisse
797 1532 930 1593 credibile
945 1539 989 1590 est
1005 1550 1080 1609 quas
1095 1532 1126 1592 in
1143 1531 1238 1592 annulo

192 1619 322 1680 Clearchi
339 1620 473 1698 Spartani
489 1621 616 1697 sculptas
631 1619 723 1678 fuisse
738 1626 856 1679 auctore
868 1617 962 1677 Ctesia
977 1624 1124 1677 memorat
1137 1618 1237 1678 Plutar-
1278 1644 1279 1652 ν

194 1703 267 1763 chus
279 1722 304 1762 v.
312 1704 410 1763 Artax.
423 1723 447 1763 c.
462 1703 515 1763 18:
529 1697 585 1763 καὶ
598 1698 654 1763 τὸν
667 1697 843 1763 δακτύλιον
856 1694 945 1783 αὐτῷ
958 1696 1074 1762 δουναι
1087 1696 1238 1781 σύμβολον

195 1781 311 1871 φιλίας
330 1782 415 1868 πρὸς
433 1783 510 1859 τοὺς
525 1782 558 1847 ἐν
572 1781 808 1864 Λακεδαίμονι
830 1785 990 1867 συγγενεῖς
1014 1781 1073 1847 καὶ
1098 1779 1238 1858 οἰκείους,

195 1860 280 1933 εἶναι
302 1867 337 1933 δὲ
353 1868 477 1955 γλυφὴν
492 1866 580 1956 ἕκτῇ
595 1869 754 1954 σφραγῖδι
769 1866 982 1952 Καρυάτιδας
1003 1864 1202 1953 ὀρχουμένας
1210 1872 1238 1944 ⁸).

194 1958 279 2019 Enim
296 1977 364 2018 vero
380 1958 451 2018 tales
467 1958 574 2036 figuras
587 1957 707 2017 minime
722 1957 841 2018 idoneas
854 1956 953 2029 fuisse,
970 1973 1044 2034 quae
1059 1956 1095 2017 ab
1106 1957 1238 2017 architec-

192 2046 230 2105 tis
246 2062 300 2122 pro
317 2044 461 2103 columnis
476 2051 701 2120 usurparentur,
724 2061 789 2103 cum
805 2061 857 2121 per
878 2061 908 2101 se
924 2043 995 2101 satis
1013 2050 1166 2120 appareat,
1185 2048 1238 2102 tum

194 2136 296 2189 contra
311 2127 462 2188 Carellium
481 2127 584 2187 similia
604 2146 671 2188 cum
687 2127 850 2205 Boettigero
872 2126 1087 2186 machinantem
1103 2127 1237 2187 monitum

194 2221 238 2273 est
258 2213 293 2273 ab
315 2213 471 2273 architecto
493 2212 724 2290 spectatissimo,
750 2213 911 2290 eodemque
930 2211 1112 2290 antiquitatis
1133 2210 1238 2291 peritis·

141 2318 181 2357 ιον
198 2298 289 2368 simo,
312 2297 457 2359 Lndovico
481 2297 633 2373 Caninal).
673 2297 791 2358 Accedit
816 2296 893 2375 quod
914 2296 1051 2357 saltantes
1073 2296 1237 2377 Caryatidas,
1277 2325 1279 2344 ι

261 2514 285 2576 7)
304 2513 378 2564 Pau‘s.
391 2513 430 2578 lll,
446 2515 484 2575 10,
498 2514 512 2564 8
525 2510 557 2565 τὸ
567 2518 674 2581 χωρίον
688 2509 849 2582 Ἀρτέμιδος
860 2511 906 2561 καὶ
915 2512 1046 2580 Νυμφῶν
1057 2510 1139 2564 ἔστιν
1150 2511 1180 2562 αἱ
1190 2515 1238 2562 Κυ-

192 2578 269 2653 ρύαι,
282 2582 327 2632 καὶ
341 2578 453 2650 ἄγαλμα
466 2580 746 2651 ἕστηκενἈρτέμιδος
755 2579 785 2630 ἐν
797 2577 930 2649 ὑπαίθρῳ
944 2574 1133 2649 Καρυάτιδος.
1145 2607 1179 2616 -
1191 2583 1238 2630 Xo-

194 2647 260 2714 ροὺς
276 2647 308 2701 δὲ
324 2648 446 2702 ἐνταῦθα
460 2651 490 2700 αἱ
501 2649 739 2718 Λακεδαιμονίων
756 2647 898 2716 παρθένοι
915 2642 984 2697 κατὰ
1007 2645 1069 2704 ἔτος
1093 2648 1189 2698 ἱστᾶσι
1202 2645 1239 2697 καὶ

193 2712 344 2786 ἐπιχώριος
362 2713 458 2773 αὐταῖς
474 2717 645 2781 καθέστηκεν
661 2713 786 2783 ὅρχησιςι
805 2730 875 2780 quam
894 2715 1052 2765 saltationem
1069 2731 1086 2765 a
1102 2715 1206 2765 Castore
1220 2719 1241 2763 et
1278 2714 1279 2731 ³

192 2784 296 2833 Polluce
314 2786 439 2834 inventam
453 2800 510 2834 esse
528 2786 605 2834 tradit
618 2784 742 2833 Lucianus
756 2784 785 2832 de
799 2783 974 2833 saltationibus
987 2799 1008 2832 c.
1025 2783 1064 2832 10.
1080 2782 1241 2833 Commotissi-

193 2867 256 2901 mam
269 2851 350 2900 luisse
363 2853 476 2901 cernitur
489 2867 521 2899 ex
536 2867 579 2914 eo,
597 2853 660 2916 qnod
675 2852 831 2916 componitur
843 2867 896 2900 cuni
910 2851 1044 2914 bacchicis,
1059 2850 1091 2900 ol.
1107 2851 1196 2900 Pollux
1206 2848 1241 2908 Ml,

195 2919 234 2983 14,
249 2918 305 2980 104,
318 2918 426 2983 Hesycb.
437 2935 461 2967 v.
472 2919 655 2985 Καρυατίζειν
669 2925 695 2967 et
704 2913 886 2988 Καρυάτιδες,
900 2918 987 2968 Mauso
998 2918 1090 2983 Sparta
1100 2917 1119 2981 l,
1131 2919 1155 2983 2,
1168 2935 1190 2985 p.
1201 2915 1241 2967 219

194 3001 247 3052 sqq,
261 2985 376 3102 Meppelre
383 2985 542 3101 3apllllupbor.
555 2983 642 3049 fragm.
657 2985 734 3048 XLll,
747 3003 770 3052 p.
782 2985 891 3050 93-99,
904 2986 934 3036 0.
946 2986 1054 3036 Mueller
1065 2987 1091 3034 in
1104 2987 1216 3037 Doricus.
1227 2983 1241 3045 1,

193 3053 289 3119 pam,
326 3070 368 3119 ‚n
435 3090 441 3102 ·

262 3121 286 3183 8)
305 3120 453 3187 Caryatidas
464 3120 586 3170 saltantes
597 3121 707 3171 nonnulli
717 3122 844 3187 appellant
854 3137 895 3172 eas
906 3123 1008 3185 figuras,
1022 3136 1128 3187 quarum
1137 3120 1243 3186 exempla
1278 3141 1279 3154 ν

194 3191 317 3240 dederont
338 3189 423 3252 Zoega
441 3189 534 3239 Bassir.
553 3189 602 3238 tab.
622 3188 674 3238 XX
692 3197 717 3239 et
733 3189 797 3239 XXl
815 3197 841 3239 et
856 3188 944 3239 Clarae
961 3187 1050 3240 Museo
1067 3190 1099 3238 de
1117 3189 1243 3256 Sculpture
1278 3220 1279 3259 y

192 3259 243 3309 tab.
255 3257 312 3321 167,
323 3258 354 3306 77
368 3264 394 3307 et
405 3256 460 3320 168,
472 3257 518 3318 78;
531 3272 591 3323 quas
605 3264 686 3307 tamen
701 3258 843 3307 saltatrices
854 3274 902 3306 non
916 3257 995 3307 solum
1005 3257 1108 3323 Dianae,
1122 3258 1243 3308 sedetiam

192 3328 298 3377 aliorum
311 3327 426 3387 deorum,
443 3326 514 3375 velut
526 3326 656 3375 Minervae
670 3326 747 3376 cultui
759 3325 872 3374 addictas
885 3323 975 3389 fuisse,
992 3326 1107 3375 cernitur
1125 3341 1157 3376 ex
1175 3337 1243 3391 opere

192 3394 295 3458 dgnlino
313 3410 328 3444 a
346 3393 469 3459 Campana
487 3394 565 3453 edito,
590 3394 697 3444 Antiebe
720 3408 796 3458 opere
813 3393 837 3442 in
855 3394 961 3458 plastica
979 3392 1029 3442 tab.
1047 3391 1091 3443 lV.
1105 3393 1178 3443 —lu
1194 3393 1241 3442 loco
1278 3407 1279 3415 ¹

192 3463 265 3513 Plinii
279 3469 348 3528 patet
360 3463 574 3527 interpretandum
587 3477 656 3512 esse:
674 3469 701 3511 et
714 3461 847 3511 Maenades
860 3467 887 3510 et
899 3476 944 3511 eae
956 3467 1068 3523 statuae,
1085 3477 1149 3527 quas
1160 3464 1243 3513 vocant

192 3530 318 3598 Thyadas‚
332 3537 357 3580 et
370 3545 430 3596 quas
444 3529 601 3597 Caryatidas.

260 3598 284 3659 9)
305 3599 334 3648 V.
347 3597 445 3658 Corelli,
457 3597 474 3648 l.
486 3613 507 3646 c.
525 3614 548 3662 p.
563 3596 610 3646 167
624 3612 677 3662 sqq.
695 3594 787 3644 Carina
806 3596 841 3644 sic
858 3597 957 3655 scribit,
976 3595 1151 3648 Arcbitcttnra
1168 3596 1242 3648 antica

192 3665 263 3715 Tom.
277 3665 308 3725 V,
323 3681 345 3729 p.
359 3664 420 3713 399:
433 3664 453 3712 E
466 3664 511 3714 ben
526 3680 586 3713 vero
601 3666 645 3714 cbe
658 3665 697 3713 dai
711 3663 784 3712 Greci
798 3679 859 3728 pure
873 3665 894 3712 si
907 3664 1025 3713 solevano
1040 3665 1198 3729 distinguere
1209 3661 1242 3713 col

194 3748 265 3781 nome
282 3733 307 3781 di
320 3731 439 3780 Cariatidi
456 3731 539 3795 quelle
556 3732 654 3794 vergini
673 3738 802 3795 spartane,
821 3733 865 3780 obe
883 3733 1011 3781 danzando
1027 3732 1195 3785 celebravano
1206 3746 1241 3781 ao·

194 3800 335 3847 nnalmente
347 3798 372 3847 la
385 3796 511 3848 solennita
527 3799 550 3848 in
565 3815 627 3848 onor
639 3799 663 3847 di
677 3799 754 3847 Diana
767 3797 892 3848 Cariatide
904 3815 950 3860 —3
968 3815 1006 3849 ma
1019 3801 1061 3864 poi
1078 3798 1092 3850 d
1105 3798 1177 3852 bensi
1188 3813 1240 3851 vero

193 3881 285 3915 ancora
305 3880 391 3914 essere
409 3866 570 3931 improbabile
588 3867 633 3915 cbe
651 3866 672 3914 si
689 3881 810 3915 avessero
824 3874 909 3931 potute
923 3867 962 3916 dai
976 3867 1052 3917 Greci
1070 3869 1241 3919 conveniente-

193 3939 275 3982 mente
293 3942 486 3998 rappresentare
504 3941 588 3984 statne
607 3934 725 3983 danzanti
744 3950 757 3983 e
775 3935 915 3984 sostenenti
932 3935 986 3999 pesi
1000 3936 1041 3985 nel
1060 3932 1149 4002 tempo
1158 3943 1241 3994 stesso,

194 4016 262 4050 come
276 4001 298 4051 si
310 3998 324 4050 ὲ
336 4017 381 4051 con
394 4017 455 4067 poca
468 4000 687 4063 verosimiglianza
698 4008 798 4052 cerea-to
811 4003 836 4051 di
848 4003 998 4053 dimostrare
1010 4002 1193 4055 nltimamente.
