2558 4530
118 381 150 432 26
533 381 574 432 De
593 381 757 432 hellanico

118 568 186 613 eum
200 551 327 614 Athenas
348 551 535 615 contendisse
560 549 715 614 verisimile
737 558 791 624 est,
811 550 890 614 unde
910 565 1030 612 omnem
1049 549 1172 614 Atticam

119 635 268 715 diligenter
282 638 494 718 pervestigarit,
514 639 598 700 cuius
614 636 777 714 diligentiae
792 636 1001 699 documentum
1021 642 1085 697 erat
1099 654 1171 717 opus

118 722 181 784 eius
206 723 301 786 Atthis
326 724 514 805 inscriptum,
539 721 757 784 nobilissimum
782 722 942 785 earundem
969 721 1171 801 quaestionum

118 809 195 888 apud
210 810 389 889 antiquiores
405 808 565 888 specimen,
581 826 653 888 quas
667 814 771 887 postea
782 807 918 889 impense
928 808 1082 870 coluerunt
1093 807 1172 869 Pha-

116 896 273 968 nodemus,
289 894 495 967 Philochorus,
512 891 568 956 alii.
599 892 699 972 Neque
714 899 813 956 tamen
826 893 897 956 solis
913 893 1034 956 Athenis
1050 912 1171 972 operam

118 1000 200 1044 suam
216 980 347 1051 navabat,
362 996 464 1042 verum
480 985 574 1040 cetera
588 978 673 1040 etiam
690 970 825 1042 Graeciae
836 979 954 1060 oppida,
969 979 995 1040 si
1010 978 1091 1059 quod
1106 997 1170 1041 mo-

116 1067 267 1128 numentis
281 1064 421 1126 historiae
435 1063 561 1126 maxime
576 1063 689 1144 insigne
708 1072 778 1138 eran,
801 1064 974 1145 peragravit,
994 1064 1082 1127 veluti
1103 1065 1170 1128 Car·

116 1151 307 1214 neonicarum
322 1149 436 1212 tahulas
452 1151 580 1212 excussit
595 1151 725 1232 Spartae,
743 1150 935 1213 sacerdotum
949 1150 1072 1212 lunonis
1087 1150 1170 1231 Argi-

115 1255 169 1298 vae
183 1235 410 1299 commentarios
425 1236 570 1315 antiquos,
591 1237 670 1299 unde
689 1255 765 1317 opus
786 1236 1027 1315 chronologicum
1048 1254 1171 1317 compo·

117 1321 184 1395 suit,
201 1322 285 1401 Argis
301 1329 446 1384 scrutatus
462 1328 515 1395 est,
538 1322 704 1402 Thehisque
725 1323 811 1383 etiam
826 1331 855 1384 et
868 1322 899 1383 in
914 1322 1053 1394 Phocide,
1077 1322 1171 1384 Thes-

117 1408 195 1482 salia,
212 1408 321 1470 Aetolia
336 1416 467 1471 versatus
483 1416 552 1470 erat.
582 1409 661 1471 Num
676 1428 743 1470 vere
756 1409 850 1470 uadat
865 1407 979 1481 Suidas,
993 1407 1171 1471 hellanicum

115 1493 145 1556 in
160 1495 224 1556 aula
239 1495 391 1558 Perdiccae
405 1495 431 1557 11
445 1494 621 1575 aliquamdiu
631 1495 747 1570 vixisse,
761 1494 907 1556 incertum
922 1501 980 1568 est3
995 1493 1097 1573 potius
1109 1513 1170 1556 cre·

115 1580 252 1652 diderim,
279 1581 408 1642 Siciliam
439 1587 525 1658 atque
550 1580 660 1643 ltaliam
686 1581 854 1642 inferiorem
880 1578 916 1640 ah
943 1598 979 1640 eo
1004 1588 1170 1659 peragratas

109 1678 195 1738 ‘esse;
211 1671 288 1726 certe
302 1665 468 1726 Hellanicus
485 1665 628 1739 intereos
644 1672 696 1739 est,
711 1666 760 1746 qui
776 1666 812 1726 de
826 1665 905 1726 ltalia
917 1663 1081 1745 fabulisque
1094 1666 1171 1728 ltali-

116 1749 158 1810 cis
174 1749 262 1827 primi
274 1750 461 1810 commentati
476 1756 546 1810 sunt
559 1751 720 1812 accuratius
730 1753 769 1828 7).
798 1750 875 1812 Num
890 1750 1040 1811 Orientem
1056 1770 1172 1832 quoque

116 1833 220 1897 obierit
233 1853 285 1914 per
299 1833 371 1895 mihi
386 1834 506 1896 dubium
523 1842 579 1909 est3
594 1835 660 1897 licet
674 1854 778 1898 omnes
791 1854 859 1897 eum
874 1837 910 1897 de
920 1837 1059 1917 Aegypto,
1073 1836 1171 1918 Libya,

114 1920 258 2000 variisque
283 1919 451 1982 nationibus
470 1919 603 1981 Asiaticis
622 1921 777 2001 scripsisse
796 1922 956 1995 affirment,
978 1941 1053 2002 quos
1073 1930 1172 1986 tamen

113 2005 205 2068 libros
225 2005 397 2068 subditicios
416 2004 508 2067 fuisse
526 2005 622 2079 facile,
643 2007 760 2087 opinor,
786 2007 946 2069 concedent
965 2008 1016 2087 qui
1036 2008 1117 2089 quod
1138 2028 1171 2071 ex

114 2092 168 2154 illis
181 2100 274 2153 exstat
288 2092 374 2170 paulo
389 2091 553 2170 diligentius
567 2110 682 2153 mecum
699 2092 885 2155 considerare
899 2093 997 2155 velint.

88 2208 100 2249 5
200 2174 303 2250 Quid?
319 2177 344 2236 si
358 2176 439 2254 legas
454 2176 535 2248 haec,
552 2194 624 2254 quae
639 2178 714 2256 apud
731 2177 884 2238 Arrianum
900 2177 1063 2240 Dissertatt
1079 2180 1172 2262 Epict

115 2261 150 2336 ll,
169 2261 207 2320 19
230 2268 258 2321 et
278 2260 347 2322 Gell.
367 2261 401 2321 N.
417 2260 450 2323 A.
465 2260 494 2335 l,
510 2261 530 2320 2
546 2280 580 2321 ex
600 2262 781 2343 Aegyptiacis
796 2262 933 2324 Hellanicl
949 2264 1088 2327 citantur:
1109 2263 1173 2328 τῶν

116 2336 219 2407 ὄντων
239 2341 280 2408 τα
300 2339 358 2425 μέν
379 2339 470 2410 ἔστιν
493 2337 619 2428 α’ναθοὶ,
642 2343 684 2409 τὰ
708 2341 745 2410 dri
766 2341 867 2425 κακά,
889 2344 931 2410 τα
954 2341 1172 2436 δ’ἅδιάφορα·

117 2423 234 2514 ἀγαθοὶ
255 2425 315 2512 μὲν
337 2421 393 2495 οὖν
419 2424 455 2495 αἱ
484 2423 600 2516 ἀρεταὶ
621 2428 743 2496 καὶτὰ
765 2426 940 2513 μετέχοντα
968 2426 1082 2512 αὐτῶν,
1110 2459 1173 2501 κα-

115 2513 158 2580 κὰ
181 2511 219 2580 δὲ
240 2511 358 2581 κακίαι
379 2513 437 2581 καὶ
458 2513 500 2580 τὰ
522 2513 699 2598 μετέχοντα
720 2511 849 2597 κακίας,
872 2512 1044 2605 ἀδιάφορα
1072 2519 1110 2584 δὲ
1131 2519 1173 2586 τὰ

114 2599 236 2683 μεταξὺ
262 2599 402 2682 τούτων,
425 2600 584 2680 πλοῦτος,
611 2597 736 2686 ὑγίεια,
770 2599 847 2689 ζωή,
870 2599 1032 2682 θάνατος,
1060 2599 1173 2694 ἡδονή,

114 2684 232 2760 mdccc:
253 2698 353 2751 utrum
369 2707 471 2748 censes
494 2689 565 2748 haec
584 2688 712 2767 priscam
731 2690 980 2772 logographorum
1000 2691 1173 2770 simplicita-

114 2779 174 2834 tem
190 2773 321 2834 redolere
337 2773 528 2851 Stoioumquc
542 2771 680 2836 Lesbium
700 2782 767 2836 ante
783 2776 899 2839 Stoicos
920 2777 1115 2855 exstitissess),
1136 2797 1175 2842 an

184 2955 208 3016 7)
222 2955 383 3019 „Aullollend
395 2958 454 3007 tritt
467 2965 539 3009 sonst
550 2958 695 3011 llellanicus
707 2961 745 3012 uls
758 2963 804 3013 der
815 2962 891 3013 Manu
907 2961 1014 3019 hervor,
1033 2958 1080 3005 der
1096 2959 1176 3014 leieht

114 3040 153 3076 am
165 3024 273 3075 meister
286 3025 349 3074 daza
361 3025 522 3089 heigetragen
536 3027 614 3078 haheo
626 3031 733 3093 michte,
747 3031 787 3081 die
800 3028 914 3080 italisehe
928 3023 1076 3075 Gcschichte
1089 3025 1114 3075 iu
1127 3028 1174 3081 dns

114 3093 181 3145 Netz
195 3094 240 3142 der
251 3093 423 3156 griechischen
437 3093 647 3160 (leschichtssage
664 3115 696 3148 zu
713 3101 810 3161 slehen,
823 3098 868 3146 das
881 3094 918 3144 sie
935 3109 983 3143 nun
996 3092 1065 3144 nicht
1076 3095 1175 3150 wieder

115 3161 244 3211 losliess.“
267 3161 310 3211 Sic
322 3162 499 3214 Dnhlmannns.
523 3164 573 3215 Sed
585 3167 664 3230 magis
677 3167 752 3218 otiam
764 3182 794 3217 eo
807 3165 984 3231 pertinuerunt
1000 3169 1173 3217 commentarii

113 3230 230 3281 Antiochi
242 3228 404 3296 Syracusani.

182 3298 206 3363 8)
220 3298 358 3350 Permirum
367 3316 416 3351 non
427 3300 559 3352 offendisse
569 3303 594 3353 in
604 3303 745 3369 illisosque
755 3303 891 3368 Sinnium,
904 3303 946 3370 qui
955 3299 1055 3352 scribitr
1068 3301 1172 3364 „llolla-

113 3368 183 3419 nicus
196 3367 273 3432 igitur
285 3366 396 3419 fortasse
407 3377 496 3420 auctor
513 3368 560 3421 fuit
576 3371 644 3423 illius
656 3373 787 3436 dogmatis,
804 3374 868 3438 quod
885 3377 973 3436 postea
991 3368 1016 3417 iu
1030 3367 1171 3422 Stoicorum

114 3437 205 3487 scholis
219 3439 292 3489 valde
304 3437 489 3503 frequentatum
498 3437 573 3506 tuit,“
583 3456 663 3506 neque
672 3439 860 3500 Dahlmaonum,
873 3438 914 3501 qui
923 3437 959 3486 sic
968 3436 1073 3487 iudicat:
1086 3439 1172 3499 „ller-

114 3503 226 3565 gleieheo
239 3507 376 3558 Ansichten
390 3508 446 3559 siud
457 3509 521 3558 eheu
534 3510 603 3559 nicht
615 3509 647 3558 im
660 3508 738 3557 Since
749 3505 883 3567 Herodots,
895 3505 994 3556 miissec
1004 3520 1050 3555 uns
1060 3506 1121 3557 aher
1133 3509 1172 3559 die

114 3569 313 3626 Persdnlichlreit
326 3577 370 3627 des
382 3577 526 3627 Hellanicus
539 3577 678 3628 anziehend
689 3575 804 3637 macher,
821 3570 931 3625 insolern
949 3575 985 3626 sie
1002 3590 1047 3625 nus
1066 3575 1115 3625 ihm
1127 3593 1171 3626 ur-

116 3637 259 3703 spriinglich
270 3644 479 3707 hervorgingen.“
512 3643 580 3700 ldem
592 3645 657 3710 quod
671 3648 767 3705 censet,
780 3640 933 3695 Hellanicum
951 3642 1109 3693 nihilominus
1122 3645 1167 3694 Ae·

115 3711 219 3770 gpptum
231 3721 353 3772 nunquam
364 3712 445 3775 ipsum
455 3711 550 3761 vidisse
562 3712 697 3776 putandum
707 3725 773 3773 osse,
784 3710 809 3760 id
822 3711 851 3762 dc
864 3720 969 3763 auctore
978 3708 1022 3757 illo
1032 3711 1170 3779 Aegyptin-

116 3787 202 3823 corum
218 3781 304 3836 aperte
320 3775 410 3827 falsum
427 3792 484 3828 esse
501 3779 586 3840 arguit
602 3779 691 3829 titulus
708 3775 724 3844 ἡ
742 3779 782 3835 εἰς
797 3771 944 3849 Ἄμμωνος
966 3771 1107 3839 ἀνάβασις.
1133 3779 1169 3832 Cf·

114 3841 243 3892 Plutarch.
261 3840 291 3887 de
307 3839 341 3890 Is.
358 3851 384 3892 et
400 3845 467 3895 Osir.
484 3860 506 3894 o.
519 3844 552 3894 34
570 3844 616 3895 καὶ
632 3846 689 3913 γὰρ
705 3846 756 3900 τὸν
767 3844 881 3914 ’Όσιριν
893 3837 1050 3899 Ἑλλάνικος
1060 3839 1172 3918 ’Ὑσιριν

116 3907 229 3961 ἔοικεν
246 3902 432 3967 ἀκηκοέναι
448 3907 513 3962 ὑπὸ
526 3911 592 3962 τῶν
610 3911 639 3964 ἵε
667 3912 940 3981 ἐωνλεγόμενον·
956 3902 1027 3961 οὕτω
1039 3908 1094 3982 γὰρ
1106 3911 1171 3969 ὀνο-

116 3971 213 4047 μάζων
226 3972 348 4025 διατελεῖ
357 3972 407 4025 τὸν
418 3973 488 4029 θεόν
500 3977 539 4041 [cl.
552 3979 665 4045 PartheJi
678 3989 761 4032 notam
773 3999 797 4048 p.
810 3980 878 4040 2271.
907 3976 1070 4031 Personatum
1085 3984 1171 4035 llolla-

116 4046 197 4098 uicum
209 4041 302 4107 fuisse,
319 4058 368 4092 nou
380 4042 454 4094 alium
466 4047 617 4097 recentioris
629 4049 721 4099 aetatis
740 4046 922 4112 cognominem,
940 4046 1089 4112 intelligitur
1104 4052 1170 4115 iude,
