2558 4530
398 381 544 434 nominis
563 380 787 450 Caryatidum.
1067 381 1119 436 143

65 554 135 614 geae
149 536 224 608 Vlll,
240 537 270 610 5,
286 537 305 597 6
321 555 370 616 sq;
385 538 436 610 45,
454 539 488 611 23
504 539 554 611 47,
571 538 604 611 2;
621 538 675 610 48,
691 535 725 611 33
740 536 790 610 53,
805 538 824 596 4
841 537 911 615 sql,
931 536 1035 616 quibus
1051 555 1120 599 mo-

64 623 215 683 numentis
230 622 357 683 notabile
371 629 416 682 est
430 624 563 684 victorias
580 623 649 683 olim
670 623 705 683 de
721 621 871 701 Spartanis
886 630 1047 701 reportatas
1062 643 1119 703 po-

62 706 210 768 tissimum
230 707 266 767 ad
286 708 423 768 mulieres
439 708 629 786 Tegeatarum
644 707 747 768 relatas
768 726 843 768 esse.
872 707 967 784 Atque
981 707 1029 767 illo
1044 716 1118 769 tem·

63 810 151 870 pore,
171 800 328 871 postquam
348 793 466 854 fortuna
482 794 606 872 denique
623 792 776 872 Spartanis
797 792 911 853 favente
925 811 981 871 pax
996 811 1121 870 compo-

63 877 120 937 sita
136 885 190 951 est,
206 878 351 957 Alpheum
364 879 482 940 lluvium
495 879 653 939 terminum
669 879 745 939 inter
757 878 921 957 Spartanos
937 885 967 938 et
978 877 1120 955 Tegeatae

62 962 194 1041 positum
210 982 274 1023 esse
289 963 437 1043 suspicor,
459 983 517 1042 quo
532 965 658 1025 termino
676 964 781 1042 Caryae
797 963 833 1024 ab
848 961 1009 1024 Arcadibus
1025 963 1121 1023 absci-

64 1065 113 1107 sae
128 1055 206 1120 sunt,
222 1056 255 1109 ut
270 1056 333 1108 utar
349 1049 488 1109 vocabulo
500 1049 646 1110 Photiano
661 1051 721 1124 14).
744 1048 809 1108 Hoc
823 1049 912 1126 igitur
923 1047 1067 1128 oppidum
1084 1047 1120 1109 ad

62 1124 254 1212 περιοίκους
268 1134 405 1207 relatum3
421 1152 502 1195 sacra
517 1141 612 1195 autem
630 1132 803 1211 Caryatium,
819 1133 905 1193 etiam
921 1133 967 1193 illa
983 1133 1120 1210 primitus
1137 1157 1177 1199 τοι

62 1217 200 1278 Arcadica
216 1220 374 1292 censenda,
389 1219 464 1278 inter
479 1219 595 1298 publica
611 1218 824 1298 Spartanorum
840 1225 956 1295 recepta
972 1225 1055 1278 sunt:
1072 1236 1121 1278 ce-

61 1308 144 1362 teros
165 1302 304 1380 Tegeates
331 1311 447 1363 constat
467 1304 565 1364 socios
587 1304 800 1380 Spartanorum
821 1303 914 1362 factos
938 1321 1017 1376 esse,
1044 1321 1120 1381 quos

62 1387 138 1447 inter
152 1394 265 1447 tantum
279 1387 507 1461 honorabantur,
521 1388 599 1448 utin
615 1388 675 1447 acie
687 1388 897 1465 Spartanorum
913 1406 1030 1466 semper
1043 1387 1121 1447 idem

63 1490 158 1531 cornu
173 1472 286 1532 laevum
297 1478 440 1544 tenerent,
457 1492 524 1533 cnm
536 1473 593 1551 ipsi
605 1471 741 1550 Spartani
751 1472 781 1532 in
795 1472 895 1532 dextro
908 1473 1034 1532 solerent
1046 1490 1122 1533 con-

64 1554 179 1615 sistere.
210 1556 310 1634 Neque
324 1563 423 1616 tamen
438 1558 510 1617 haec
525 1557 647 1617 societas
662 1557 733 1617 adeo
756 1556 878 1618 stabilita
894 1560 1028 1633 erat15),
1050 1557 1120 1635 quin

65 1639 207 1717 Tegeatae
227 1641 322 1718 prima
337 1659 450 1720 quaque
470 1642 690 1720 opportunitate
706 1640 741 1701 ad
757 1641 941 1701 renitendum
961 1650 1118 1702 uterentur.

63 1724 106 1783 Ea
122 1743 154 1784 se
171 1724 274 1785 obtulit
287 1726 385 1786 statim
402 1734 471 1804 post
486 1726 590 1787 bellum
608 1725 773 1799 Persicum,
796 1744 862 1786 cum
883 1733 912 1787 et
926 1727 1021 1805 Argivi
1038 1744 1119 1787 arma

63 1815 164 1868 contra
181 1818 357 1870 crescentem
373 1811 403 1871 in
419 1811 479 1871 dies
496 1811 708 1889 Spartanorum
724 1810 889 1889 snperbiam
905 1812 1071 1878 movebant.
1091 1816 1120 1871 et

63 1911 128 1952 cum
150 1894 251 1953 ceteris
272 1902 387 1972 praeter
400 1896 595 1956 Mantiuenses
616 1895 776 1956 Arcadibus
795 1896 949 1973 Tegeatae,
968 1916 995 1955 v.
1012 1895 1118 1955 Herod.

62 1977 114 2049 ΙΙΙ,
131 1977 179 2050 35,
195 1979 280 2040 Paus.
296 1979 351 2051 ΙΙΙ,
371 1981 422 2054 ll,
439 1981 472 2041 6:
499 1980 577 2060 quod
593 1980 699 2041 bellum
716 1979 827 2040 duabus
847 1980 953 2058 pugnis
970 1979 1119 2039 acerrimis

62 2062 231 2123 debellatum
248 2072 304 2139 est,
325 2063 412 2124 altera
428 2066 504 2144 apud
519 2065 614 2144 ipsam
630 2066 767 2142 Tegeam,
788 2064 875 2124 altera
890 2063 967 2141 apud
982 2063 1119 2140 bipaeam

62 2147 91 2205 in
107 2167 174 2225 agro
187 2149 361 2208 Mantinensi
374 2154 382 2189 ¹
394 2151 433 2224 6).
464 2152 524 2210 lam
538 2151 595 2210 boo
610 2149 639 2209 iu
652 2150 725 2209 bello
740 2150 900 2209 admodum
914 2147 1049 2208 credibile
1065 2153 1119 2220 est,

62 2231 146 2292 etiam
159 2234 264 2311 Caryas
280 2234 543 2294 aLaoedaemoniis
559 2234 701 2295 defecisse
716 2240 745 2293 et
760 2252 825 2294 oum
843 2232 945 2293 ceteris
958 2232 1120 2294 Arcadibus

63 2317 265 2390 consensisse,
285 2318 394 2397 quippe
410 2336 482 2395 quae
496 2336 557 2378 non
573 2319 669 2378 solum
685 2337 719 2377 ex
735 2318 867 2394 Tegeatis
884 2317 1024 2378 oriundae
1039 2318 1120 2378 eius·

62 2400 186 2478 demque
198 2402 349 2478 sanguinis
365 2402 553 2479 nominisque
567 2408 675 2471 essent,
691 2401 742 2460 sed
755 2420 827 2478 quas
842 2408 945 2479 postea
956 2403 1053 2474 etiam,
1069 2401 1119 2462 ubi

62 2492 133 2562 post
145 2503 272 2563 pugnam
286 2486 492 2545 Leuctrensem
505 2485 708 2562 Epaminonda
716 2485 834 2563 auspice
844 2486 973 2545 universi
984 2486 1121 2558 Arcades

62 2569 222 2629 inveterato
243 2569 455 2647 Spartanorum
476 2570 544 2629 odio
567 2569 663 2630 denuo
684 2576 850 2646 resumpto,
876 2587 957 2629 arma
977 2569 1120 2629 Laconiae

61 2653 233 2727 intulerunt,
250 2673 321 2733 quas
334 2654 390 2713 boc
407 2655 492 2714 etiam
505 2655 534 2714 in
550 2654 624 2714 bello
637 2654 774 2714 Arcadiae
790 2661 818 2714 et
830 2654 1037 2714 Thebanorum
1051 2672 1120 2732 par-

25 2752 29 2757 ’
60 2746 106 2798 tes
123 2757 241 2798 summo
259 2758 325 2799 cum
347 2739 443 2799 studio
458 2746 579 2800 sectatos
596 2758 662 2800 esse
676 2737 844 2817 accipimus.
876 2738 918 2799 Ad
939 2738 1016 2800 istud
1032 2739 1120 2817 igitur

59 2822 170 2882 bellum
187 2825 306 2884 Vitruvii
326 2824 522 2885 narrationem
543 2825 676 2903 equidem
696 2824 906 2895 revocaverim,
927 2825 1008 2885 cuius
1027 2832 1119 2885 aetate

61 2909 140 2987 quod
156 2910 190 2969 ad
203 2910 308 2970 Persas
321 2909 427 2988 Caryae
442 2909 582 2971 defecisse
597 2909 797 2982 narrabantur,
813 2910 842 2970 id
858 2910 929 2971 satis
945 2910 1119 2990 perspicitur

132 3146 171 3207 14)
190 3147 274 3198 Verbo
287 3144 499 3216 ἀποτέμνεσθαι
517 3149 634 3198 similiter
651 3149 732 3198 utitor
745 3148 881 3198 Pausanias
893 3145 938 3207 ΙΙΙ,
951 3147 979 3210 7,
993 3146 1007 3195 3
1026 3139 1071 3197 ὅτε
1090 3147 1118 3196 οἱ

60 3211 288 3282 Λακεδαιμόνιοι
300 3212 436 3282 Τεγεάτας
448 3212 575 3286 αἱρήσειν
586 3211 710 3281 ἤλπισαν
722 3216 766 3264 καί
776 3210 985 3282 ἀποτεμεῖσθαι
997 3215 1044 3278 τῆς
1060 3212 1117 3281 Ἀρ-

60 3278 208 3336 acediosae
228 3281 392 3350 Τεγεατικὸν
409 3283 519 3335 πεδίον.
544 3283 698 3333 Testimooio
711 3282 792 3333 Pbotii
809 3283 926 3331 similiter
938 3297 998 3330 usus
1018 3289 1059 3330 est
1071 3281 1118 3330 0d.

61 3348 200 3398 Muellerus
213 3351 327 3400 Doriens.
340 3351 369 3412 ll,
382 3368 405 3417 p.
419 3352 451 3400 tu
463 3359 515 3401 not.
528 3351 552 3400 2.

132 3417 171 3479 15)
191 3417 240 3467 lam
252 3427 310 3468 onte
324 3420 416 3468 bellum
428 3418 554 3468 Persicum
568 3418 720 3466 simultatem
737 3418 857 3481 quandam
874 3414 1006 3463 exstitisse
1019 3413 1117 3476 Tegea-

61 3490 142 3533 tarum
153 3488 382 3551 contraSpartanos
392 3487 543 3546 intelligitur
552 3501 583 3533 ex
591 3481 769 3542 HerodotolX,
777 3482 809 3531 39
819 3481 922 3531 ἐοῦσαν
931 3477 981 3528 οὐκ
990 3475 1117 3547 ἀρθμίην

60 3551 321 3622 Λακεδαιμονίοισι
333 3554 433 3604 τοῦτον
445 3551 494 3602 τὸν
502 3547 617 3618 χρόνον.
642 3550 780 3613 Propterea
793 3557 879 3614 postea
890 3548 1058 3613 Leotychides
1070 3565 1116 3599 er·

61 3620 101 3669 sul
115 3617 196 3670 factus
210 3623 283 3685 petiit
295 3620 412 3682 Tegeam,
424 3636 448 3669 v.
462 3620 553 3668 llerod.
567 3616 609 3677 Vl,
624 3617 664 3665 72.
963 3683 964 3687 Ἰ

132 3688 171 3751 16)
191 3689 284 3738 Eadem
301 3696 413 3753 tempora
431 3693 528 3752 spectat
543 3684 736 3750 pulcherrimum
754 3684 902 3750 epigramma
920 3683 1066 3749 Simonidis,
1092 3686 1116 3735 in

59 3755 162 3809 Antbol.
177 3756 221 3806 Gr.
236 3755 264 3819 ll,
278 3756 318 3817 35,

164 3823 261 3874 Τώνιίε
280 3820 315 3873 dt’
335 3818 497 3888 ἀνθρώπων
514 3814 615 3888 ἀρετάν
634 3817 685 3886 οὐχ
703 3819 776 3870 λἰιετο
794 3816 901 3877 καπνὸς

163 3893 265 3956 αἰθέρα
283 3891 433 3959 ἀαιομένης
451 3886 603 3956 εὐρυχόρου
623 3887 733 3954 Τεγέης,

164 3959 193 4008 οἳ
210 3955 343 4024 βούλοντο
363 3952 447 4009 πόλιν
463 3958 517 4025 μὲν
534 3956 678 4023 ἐλευθερίᾳ
696 3958 846 4008 τεθαλυῖαν

164 4029 247 4077 παισὶ
265 4027 364 4086 λιπεῖν,
384 4023 462 4076 αὐτοὶ
482 4023 536 4077 δ’ἑν
554 4019 732 4095 προμάχοισι
747 4027 856 4094 θανεῖν.
