2558 4530
193 363 245 418 138
627 361 674 414 De
693 375 810 416 caussa

192 522 252 581 lum
267 516 507 595 Neapolitanum,
528 516 721 579 illustrazione
737 517 764 578 di
779 535 819 578 un
835 534 950 578 manno
966 533 1052 594 greco
1067 533 1243 596 rappresen·

191 611 271 666 tante
285 603 311 663 le
327 602 476 675 Cariatide,
490 601 594 679 Napoli
615 603 710 676 1817,
730 604 759 662 4.
775 602 842 663 Mihi
863 601 987 662 maxime
1007 601 1152 680 probatur
1171 605 1242 683 quod

192 688 326 768 exposuit
341 687 460 747 Finatus
477 686 507 746 in
522 687 594 748 lllus.
611 687 773 748 borbonico
790 688 851 748 Vol.
867 687 903 763 X,
919 687 955 747 ad
972 685 1042 745 Tab.
1059 686 1134 759 LIX,
1150 689 1242 767 ipsum

192 775 307 854 quidem
323 779 549 832 monumentum
564 773 717 851 antiquum
733 792 806 846 esse,
822 772 874 833 sed
889 778 1112 851 repraesentare
1123 774 1242 834 Provin-

192 860 265 921 ciam
286 858 411 936 aliquam
432 856 587 930 domitam,
607 857 830 937 inscriptionem
851 875 918 917 rero
939 863 1041 934 postea
1062 876 1096 916 er
1118 857 1242 919 Vitruvio

191 945 236 1005 vel
251 943 306 1004 alio
322 943 479 1020 scriptore,
500 941 547 1019 qui
564 943 685 1003 eandem
701 961 761 1002 rem
781 941 998 1014 memoraverit,
1018 941 1162 1002 adiectam
1183 963 1243 1004 esse

192 1028 337 1107 (similiter
352 1035 438 1104 atque
452 1026 561 1086 factum
578 1034 623 1088 est
638 1028 667 1088 in
683 1029 796 1088 Baccho
813 1028 913 1087 Indico
929 1026 1021 1086 Musei
1036 1026 1182 1101 Vaticani,
1202 1028 1243 1089 cui

191 1113 366 1193 inscriptum
382 1118 427 1171 est
441 1129 549 1171 nomen
565 1111 765 1191 Sardanapali,
785 1120 814 1172 et
827 1113 858 1172 in
873 1111 934 1172 aliis
950 1112 1153 1172 monumentis
1170 1133 1186 1174 a
1199 1114 1242 1174 Fi-

191 1206 260 1260 nato
281 1196 480 1272 memoratis),
504 1204 533 1257 et
549 1196 713 1259 labantibus
735 1197 851 1276 quidem
877 1196 1074 1275 temporibus,
1102 1216 1161 1276 quo
1180 1198 1243 1258 facit

190 1284 287 1345 forma
306 1282 467 1343 litterarum
489 1288 518 1341 et
537 1283 660 1343 omissio
681 1283 740 1344 iota
761 1282 932 1360 subscripti,
957 1281 993 1340 de
1017 1299 1074 1359 qua
1096 1282 1133 1342 cf.
1154 1283 1241 1344 Franz

190 1369 280 1430 Elem.
296 1367 394 1446 Epigr.
410 1366 459 1427 Gr.
474 1385 504 1445 p.
520 1366 581 1427 233
598 1375 627 1428 et
641 1368 750 1443 2475).

137 1479 176 1522 ³99
275 1453 317 1513 lta
332 1452 464 1513 refutatis
477 1451 625 1527 omnibus,
641 1452 745 1532 quibus
761 1452 889 1512 narratio
901 1450 1021 1511 Vitruvii
1037 1450 1148 1511 muniri
1163 1459 1241 1531 pote·

190 1545 244 1611 rat,
258 1537 451 1616 argumentis,
468 1537 520 1597 alia
536 1537 596 1610 illa,
615 1557 701 1617 quam
717 1556 770 1614 ego
787 1554 876 1614 supra
889 1535 1038 1596 nominavi
1054 1537 1190 1597 ritualem
1204 1537 1241 1598 vel

192 1623 392 1692 aestheticam,
408 1622 590 1700 Caryatidum
607 1623 756 1701 explicatio
773 1622 892 1682 suborta
907 1628 961 1693 est,
978 1639 1065 1698 quam
1081 1622 1197 1700 primus
1210 1623 1240 1683 li·

191 1707 353 1767 neamentis
374 1705 455 1784 quasi
476 1706 696 1768 adumbraverat
713 1706 897 1783 LessingiuS‚
924 1705 1028 1766 deinde
1053 1725 1124 1785 prae
1144 1708 1240 1769 ceteris

192 1791 312 1870 copiose
327 1790 480 1850 illustravit
493 1791 690 1869 boettigerus,
711 1793 740 1853 in
757 1792 838 1852 cuius
859 1790 1030 1852 auctoritate
1044 1809 1125 1852 nunc
1144 1811 1241 1853 omnes

192 1876 223 1938 in
248 1875 294 1935 illa
321 1874 491 1954 quaestione
513 1875 608 1936 solent
626 1877 818 1955 acquiescere.
855 1877 1046 1955 Canephoros
1066 1877 1112 1936 ille
1131 1896 1199 1938 esse
1218 1885 1242 1938 et

192 1961 376 2042 appellandas
392 1979 471 2034 esse,
488 1979 561 2039 quae
575 1961 649 2022 falso
667 1969 695 2022 et
708 1961 827 2022 nonnisi
843 1961 878 2022 ab
893 1961 1080 2023 inferioribus
1096 1963 1240 2041 appellen-

190 2055 238 2108 tur
250 2046 421 2126 Caryatidas,
435 2053 543 2106 censet.
574 2047 763 2124 Canephoros
775 2047 804 2106 h.
817 2066 840 2107 c.
853 2047 978 2124 virgines
991 2065 1100 2121 sacras,
1116 2048 1147 2108 in
1158 2066 1241 2127 pom-

191 2133 236 2212 pis
250 2151 318 2192 vasa
330 2132 359 2190 in
376 2130 516 2208 capitibus
528 2138 689 2208 portantes,
705 2132 832 2210 primum
844 2151 908 2191 aere
923 2139 952 2192 et
962 2150 1110 2192 marmore
1125 2151 1240 2213 expres·

190 2235 239 2277 sas
255 2234 318 2276 esse
333 2234 349 2275 a
361 2215 568 2294 sculptoribus,
583 2223 617 2277 ut
628 2223 741 2276 constat
752 2216 927 2295 Polycletum
940 2215 1077 2294 Argivum
1091 2217 1240 2298 Canepho-

190 2319 292 2361 rorum
312 2299 457 2378 virginum
477 2300 560 2379 signa
580 2319 666 2362 aenea
680 2300 799 2373 fecisse,
822 2320 838 2361 a
854 2303 943 2361 Verre
962 2301 1007 2361 illa
1022 2320 1057 2361 ex
1073 2301 1171 2363 Sicilia
1184 2303 1240 2363 llo-

190 2404 270 2446 mam
283 2392 483 2464 transportata
499 2386 571 2461 (Cic.
586 2386 616 2448 in
631 2388 711 2447 Verr.
728 2386 788 2447 Act.
805 2385 839 2458 ll,
854 2386 903 2446 lib.
915 2386 961 2461 lv,
978 2403 1041 2464 cap.
1055 2385 1084 2459 3,
1102 2387 1146 2464 5),
1161 2388 1239 2449 item·

190 2490 246 2552 que
261 2471 374 2550 Scopae
389 2471 579 2550 Canephoros
594 2472 772 2544 laudabatur,
787 2471 899 2531 Romae
913 2471 943 2530 in
958 2470 1050 2531 Asinii
1066 2489 1240 2533 monumen-

189 2559 226 2618 tis
243 2557 338 2637 posita
354 2556 439 2635 (Plio.
455 2556 491 2616 N.
507 2557 542 2616 H.
558 2557 683 2631 XXXVI,
699 2559 728 2627 4,
742 2557 760 2615 7
764 2561 790 2632 );
806 2574 880 2635 quos
897 2555 1061 2634 sculptores
1079 2557 1185 2618 deinde
1199 2575 1240 2618 se-

190 2649 274 2704 cutos
295 2660 361 2702 esse
380 2641 569 2714 architectos,
591 2641 811 2702 venustissimus
831 2640 894 2701 illas
910 2640 1053 2718 virginum
1076 2641 1184 2704 decore
1198 2643 1240 2702 iu·

191 2726 384 2804 gredientium
399 2726 533 2802 festoque
549 2733 653 2786 ornatu
669 2725 827 2804 insignium
843 2726 950 2804 figuras
970 2725 1087 2785 iamiam
1103 2728 1139 2788 ad
1157 2728 1240 2788 instar

189 2810 390 2870 columnarum
407 2816 591 2886 usurpantes.
620 2810 680 2871 lam
696 2810 858 2889 Caryatidas
878 2810 972 2871 simile
987 2810 1133 2888 virginum
1150 2829 1240 2873 sacra·

189 2912 256 2956 rum
271 2911 363 2971 genus
376 2893 470 2953 fuisse
485 2900 570 2972 atque
585 2895 791 2975 Canephoros·
807 2895 1002 2956 undefactum
1015 2914 1093 2968 esse,
1109 2904 1143 2958 ut
1154 2896 1241 2959 utris-

192 2997 248 3057 que
263 2977 394 3039 confusis
413 2978 526 3039 illarum
541 2996 651 3041 nornen
670 2981 747 3060 apud
762 2981 914 3041 inferiores
929 3000 983 3060 pro
1006 2981 1148 3042 omnibus
1165 2979 1240 3042 sirni-

190 3063 266 3126 libus
282 3062 383 3142 figuris
400 3063 605 3139 obtinueritll.
636 3065 667 3126 ld
689 3065 823 3146 equidem
843 3066 972 3126 concedo
993 3065 1158 3128 admodum
1172 3084 1241 3146 pro·

258 3262 283 3326 5)
302 3261 388 3313 Fidem
400 3263 570 3330 inscriptionis
582 3262 694 3315 defendit
706 3265 780 3315 etiam
794 3264 900 3326 Cantha,
913 3265 955 3330 qui
968 3264 998 3312 de
1010 3262 1190 3329 Caryatidibus
1202 3276 1242 3312 cx·

189 3330 351 3398 plicatissime
364 3332 496 3383 disseruit:
513 3333 687 3384 Architettura
700 3334 782 3382 antica
794 3332 864 3382 Toni.
878 3331 909 3394 V,
922 3349 945 3398 p.
960 3330 1009 3381 396
1021 3346 1092 3396 sqq,
1109 3333 1173 3382 etin
1187 3345 1241 3380 cen-

189 3415 249 3450 sura
262 3399 372 3450 Vitruvii
385 3400 529 3463 Marinianl,
543 3403 606 3451 Anu.
621 3401 763 3450 dell'lnstit.
775 3400 805 3450 T.
818 3399 881 3462 Vlll,
893 3417 916 3466 p.
933 3399 989 3450 135.
1014 3399 1190 3466 Anaglyphum
1202 3397 1240 3448 itta

188 3467 379 3533 Neapolitanum
390 3467 519 3519 inferioris
535 3469 627 3518 aetatis
644 3484 701 3517 esse
714 3468 786 3531 dicit,
805 3469 849 3517 sed
864 3469 1025 3517 imitationem
1039 3470 1124 3532 operis
1136 3465 1238 3530 autiqui;

189 3536 375 3601 inscriptionem
395 3538 505 3586 eiusdem
527 3537 618 3585 aetatis
639 3542 713 3601 atque
734 3537 813 3600 ipsum
831 3543 1023 3584 mouumentum.
1055 3534 1135 3584 Secus
1154 3535 1240 3584 iudicat

191 3603 320 3665 Corellius,
333 3605 517 3654 dissertatione
528 3604 655 3665 esegetlea
668 3605 768 3653 intorno
777 3600 918 3666 all‘origine
931 3604 961 3652 ed
974 3604 998 3652 al
1011 3602 1114 3651 sistema
1127 3603 1194 3653 della
1205 3613 1240 3650 sa-

189 3687 231 3721 cra
244 3673 411 3722 architettura
423 3687 511 3737 presso
523 3671 531 3719 i
545 3670 628 3734 Greci,
642 3671 732 3737 Napoli
746 3671 819 3735 1831,
833 3688 857 3736 p.
870 3670 917 3720 163
928 3687 991 3737 sqq,
1004 3670 1046 3718 ubi
1059 3670 1119 3719 item
1129 3669 1201 3719 locus
1213 3668 1239 3716 da

189 3739 365 3804 Caryatidibus
386 3739 528 3788 accuratius
548 3746 732 3804 pertractatum
759 3740 800 3805 qui
820 3740 1006 3804 inscriptionem
1027 3737 1168 3788 arbitratur
1188 3748 1238 3786 esse

189 3822 294 3872 prorsus
307 3807 429 3855 noviciam
443 3806 647 3866 (assolutamente
660 3809 797 3870 moderna).

257 3874 282 3935 6)
302 3874 430 3935 boettiger
442 3873 458 3923 l.
472 3889 494 3922 c.
507 3891 530 3939 p.
543 3874 603 3923 148:
616 3874 684 3924 Nacb
699 3876 785 3935 lauger
796 3876 844 3924 und
858 3871 895 3923 ou
908 3873 1087 3923 wiederholter
1100 3872 1238 3934 nrwsgnag

190 3943 225 3992 ist
237 3943 276 3991 die
287 3941 485 4004 Ueborzeugung
498 3942 520 3991 iu
531 3943 579 3989 mir
590 3943 677 3990 imaner
688 3945 757 3992 mehr
770 3941 889 4003 belestigt
899 3943 1010 4002 worden,
1024 3943 1082 3990 dass
1095 3940 1160 3990 aller
1169 3938 1239 3990 bliss-

188 4009 308 4061 verstaud
326 4023 371 4058 aus
388 4009 434 4058 der
446 4008 643 4071 Verweehsluug
658 4010 704 4060 der
720 4011 778 4059 ticht
789 4011 949 4060 othenisoheu
962 4008 1128 4074 liuuephoren
1141 4009 1186 4057 mit
1196 4007 1236 4056 den
