2558 4530
164 376 180 426 6
527 373 567 423 lle
590 371 736 438 Aeschyli
754 370 871 421 Persis.

165 544 246 604 ideas
263 549 392 603 aeternas
408 548 436 603 et
451 541 481 602 in
500 540 554 601 illis
571 537 713 621 symbolis
734 546 764 599 et
782 536 812 597 in
827 535 908 621 hisce
922 537 1021 609 rebus,
1038 544 1068 598 et
1082 537 1112 598 iu
1128 537 1225 598 omni·

164 629 221 689 bus
238 627 359 688 omnino
374 627 462 688 rebus
478 627 566 704 gestis
582 624 757 704 gerundisve
771 623 867 684 inesse
881 640 932 684 eos
949 623 1098 684 docerent.

249 713 335 774 Hisce
346 713 407 793 jam
419 712 508 772 nimis
522 711 571 771 diu
580 711 615 770 de
623 709 752 789 propriis
764 708 972 770 historicorum
985 717 1224 786 argumentorum

164 799 325 861 rationibus
341 806 370 858 et
384 796 602 857 difficultatibus
618 796 648 855 in
663 794 830 855 universum
847 794 1047 872 praemonitis,
1058 794 1120 874 jam
1137 795 1173 855 ad
1188 795 1225 867 id,

125 901 149 939 11
166 885 243 964 quod
252 886 307 944 hac
319 883 479 961 scriptione
487 881 582 942 fusius
592 881 737 959 inquirere
746 879 932 958 propositum
942 887 996 953 est,
1005 879 1101 941 accedi
1110 880 1224 958 proterit.

166 970 228 1031 Hoc
243 969 368 1030 maxime
383 967 452 1028 illud
468 974 521 1038 est,
537 975 570 1027 ut
584 965 734 1045 quomodo
750 965 870 1025 unicum
885 965 964 1037 illud,
985 966 1065 1044 quod
1080 981 1162 1026 nunc
1176 984 1225 1026 ex-

165 1062 231 1128 stat,
251 1052 430 1134 ejuscemodi
453 1053 614 1129 argumenti
630 1057 856 1112 monumentum
875 1051 911 1111 ad
926 1050 988 1111 ibas
1009 1050 1142 1112 rationes
1163 1069 1226 1112 sese

165 1140 277 1211 habeat,
294 1140 312 1200 i.
328 1157 353 1199 e.
370 1145 512 1217 quatenus
528 1137 686 1215 Aeschylus
702 1137 731 1197 in
747 1136 845 1196 Persis
860 1135 1009 1215 tragoedia
1024 1135 1086 1196 illas
1102 1135 1226 1197 difficul·
1269 1174 1271 1179 -

165 1233 240 1286 tates
257 1232 307 1285 aut
320 1223 429 1296 vicerit,
446 1231 496 1284 aut
506 1223 641 1302 proprias
658 1222 799 1302 quasdam
814 1221 843 1281 in
858 1240 936 1281 noro
952 1221 1000 1281 illo
1017 1238 1123 1299 genere
1134 1221 1226 1282 virtu-
1269 1272 1271 1303 ,

165 1317 211 1371 tes
227 1328 297 1389 prae
312 1327 344 1369 se
365 1307 470 1381 tulerit,
491 1309 615 1370 videam.
650 1308 736 1382 Quod
755 1308 794 1367 ita
814 1306 966 1367 instituere
988 1306 1065 1379 libet,
1081 1313 1122 1376 ut,
1143 1307 1226 1368 sicuti
1269 1306 1271 1333 ¹

167 1395 263 1455 omnis
276 1394 347 1474 ejus,
361 1395 408 1474 qui
420 1394 589 1455 historicam
603 1395 727 1474 aliquam
740 1392 904 1471 remaliquo
917 1391 1008 1452 modo
1016 1399 1139 1453 tractare
1152 1392 1225 1464 velit,
1269 1420 1271 1437 ι

166 1499 214 1542 ars
231 1480 344 1542 duabus
359 1479 548 1559 potissimum
566 1480 647 1541 hisee
658 1479 790 1558 partibus
804 1483 929 1550 constat,
944 1484 1017 1551 turn,
1032 1484 1066 1537 ut
1077 1485 1225 1540 externam
1269 1464 1271 1541 l

166 1566 312 1646 quandam
328 1583 427 1625 rerum
442 1565 582 1644 deinceps
597 1573 746 1643 gestarum
768 1562 1007 1642 consequentiam
1027 1569 1056 1622 et
1075 1563 1226 1624 universa·
1266 1594 1271 1615 ·.

166 1650 225 1711 lem
242 1649 396 1729 quendam,
413 1668 471 1728 quo
488 1651 585 1711 omnia
601 1650 713 1729 singula
728 1655 842 1722 coeant,
858 1647 1000 1710 ambitum
1016 1647 1141 1723 efficere,
1156 1656 1226 1723 uim,
1269 1630 1271 1701 i

167 1743 200 1796 ut
214 1735 333 1807 ethicas,
350 1742 471 1814 propter
487 1753 559 1814 quas
574 1754 623 1796 res
639 1741 736 1814 gestae
750 1733 868 1805 fuerint,
885 1751 988 1794 causas
1004 1734 1040 1794 ad
1053 1734 1227 1796 continuum
1269 1724 1271 1763 ¹

168 1820 312 1900 quendam
324 1837 489 1881 connexum
499 1828 653 1882 contexere
662 1820 772 1881 calleat:
783 1819 907 1880 eundem
917 1819 947 1879 in
955 1819 1077 1879 modum
1085 1819 1227 1881 Nostrum

168 1906 385 1966 examinemus:

212 1993 242 2068 1)
273 1991 373 2064 Qualis
396 1989 435 2050 sit
461 1991 490 2051 in
517 1991 673 2053 universali
693 1990 819 2070 quodam
846 2007 945 2050 rerum
972 2007 1091 2050 suarum
1119 1990 1228 2051 ambitu

274 2076 491 2150 construendo,
1269 2080 1271 2093 '

210 2161 242 2237 2)
273 2161 365 2240 qualis
382 2161 464 2222 sitin
481 2161 583 2223 ethicis
600 2160 696 2222 causis
712 2160 832 2222 materia
849 2179 901 2221 sua
917 2158 1126 2239 exprimendis.

179 2311 181 2315 ,
254 2246 387 2308 Priorem
399 2246 496 2307 locum
513 2247 551 2308 ita
569 2246 710 2318 tractabo,
735 2253 769 2306 ut
783 2264 857 2325 quae
876 2245 984 2306 fuerint
1002 2246 1092 2307 trium
1113 2253 1230 2326 tragoe-

129 2350 154 2388 12
169 2331 291 2405 diarum,
307 2351 379 2411 quas
396 2331 510 2411 trilogia
526 2351 592 2393 cum
608 2332 707 2393 Persis
724 2331 840 2411 junctas
860 2331 953 2392 fuisse
974 2351 991 2392 a
1005 2332 1158 2393 Welclxero
1181 2333 1230 2392 de-

167 2424 365 2479 monstratum
378 2425 423 2479 est
433 2421 444 2483 1.
453 2419 493 2493 ⁰),
509 2424 680 2497 argumenta
693 2417 814 2495 singula,
827 2423 855 2477 et
866 2435 922 2495 qua
933 2434 1032 2478 rerum
1045 2434 1231 2496 consequen·

166 2502 206 2563 tia
221 2521 254 2564 ea
271 2503 465 2576 cohaeserint,
482 2522 633 2582 quaeram;
649 2503 771 2564 alterum
784 2502 833 2575 ita,
849 2510 890 2574 ut,
908 2503 1060 2581 quomodo
1071 2503 1232 2564 necessita-

167 2596 226 2649 tem
241 2588 318 2649 illam
331 2589 469 2667 tragicam
485 2596 514 2648 et
529 2589 643 2667 singula
659 2588 721 2667 ejus
737 2594 888 2648 momenta
904 2588 960 2649 illis
972 2588 1060 2649 rebus
1071 2588 1160 2666 gestis
1178 2607 1232 2648 ex-

169 2674 318 2751 presserit,
341 2674 520 2750 investigem.
544 2675 639 2734 Porro
651 2680 781 2752 apparet,
794 2672 885 2752 priori
896 2673 961 2734 loco
973 2673 1027 2734 illis
1039 2672 1231 2754 potissimum

169 2757 313 2836 prooemii
329 2756 400 2817 loeis
416 2757 657 2837 respondendum
668 2777 744 2833 esse,
760 2759 866 2838 quibus
876 2759 1031 2838 mythicam
1045 2758 1230 2838 gravitatem:

170 2842 260 2902 altero
275 2849 369 2903 autem
386 2842 449 2915 illis,
464 2843 568 2922 quibus
581 2844 737 2923 mythicam
752 2845 829 2905 illam
843 2844 1011 2923 religionem
1022 2844 1064 2906 rei
1076 2844 1232 2906 historicae

170 2927 272 2988 deesse
288 2927 356 2987 dixi.
384 2928 517 2989 Ceterum
533 2947 594 3003 eos,
610 2929 659 3007 qni
673 2930 751 2991 forte
766 2930 797 2990 in
811 2930 887 2990 hano
901 2929 1139 2992 dissertationem
1156 2930 1231 2992 inci-

170 3012 276 3081 derint,
292 3012 485 3073 cummaxime
499 3030 579 3076 nunc
593 3014 723 3076 monitos
739 3015 834 3088 velim,
854 3023 887 3077 ut
901 3034 964 3076 eam
980 3015 1146 3077 humaniter
1161 3034 1230 3095 per·

169 3097 264 3174 legere
278 3115 340 3157 non
358 3097 558 3177 dedignentur,
572 3100 764 3184 ⁴habeantque
783 3100 891 3179 ingenii
912 3102 971 3163 mei
991 3109 1020 3162 et
1033 3100 1185 3176 scientiae,
1206 3100 1230 3162 si

170 3180 239 3259 quid
254 3181 436 3261 deliquerim,
451 3184 618 3247 benevolam
634 3185 790 3248 rationem.

600 3391 801 3400 m

648 3559 714 3620 Car.
730 3558 751 3619 l.

131 3677 156 3716 1o
258 3656 287 3733 1)
308 3655 468 3721 Phineus
488 3658 614 3720 fabula.
641 3661 825 3739 Argonautae
851 3660 1018 3722 Colchidem
1044 3670 1177 3742 petentes
1194 3664 1230 3727 ad

58 3754 63 3761 ·
172 3757 205 3800 ea
217 3739 357 3802 Thraciae
368 3744 481 3805 climata
492 3745 690 3820 devertuntur,
706 3744 948 3824 quibusPhineus
961 3747 1130 3828 imperabat.
1153 3750 1231 3811 Eum

176 3858 373 3870 0—-1-——-—

239 3911 278 3976 tu)
296 3912 545 3963 WelclrerProm.
558 3926 582 3975 p.
591 3911 734 3963 ltu-481.
748 3911 785 3964 Gi.
801 3915 876 3964 etiam
895 3930 957 3980 quae
975 3916 1004 3966 0.
1021 3916 1177 3969 liliillcrus
1200 3921 1231 3971 de

169 3979 299 4112 pandpphpe
317 3981 438 4031 disseruit
453 3979 515 4044 Eph.
541 3977 610 4028 uota.
629 3980 703 4030 1827.
727 3980 759 4032 Ν.
777 3982 818 4032 68.
837 3989 863 4032 ct
878 3980 1017 4034 lllausen
1039 3985 1118 4036 theol.
1136 3986 1230 4039 Aeseb.
