2558 4530
412 341 453 392 Do
472 340 624 408 Aeschyli
641 340 760 392 Persis.
1101 341 1117 390 3

56 505 153 583 poetis
168 507 278 582 graecis
293 505 436 585 obtigisse
449 506 632 582 crediderim,
648 508 726 588 qaod
743 507 762 568 ii
777 524 838 568 non
852 512 912 568 tam
927 505 1041 570 blandis
1052 507 1118 570 nu-

57 607 158 651 sarum
177 591 330 658 lenociniis
352 592 496 655 oblectare
514 593 606 668 cives,
632 612 719 674 quam
740 593 870 655 adinstar
893 601 1117 673 praeceptorum

56 676 245 756 publicorum
260 685 378 740 sanctos
390 678 455 740 illos
475 680 602 759 mythos,
623 679 730 759 quibus
752 678 867 758 publica
886 677 958 738 fides
980 688 1009 739 et
1027 679 1119 740 disci-

57 762 137 841 plina
165 764 326 836 constabat,
353 771 382 825 et
407 764 595 845 propagando
621 773 651 826 et
672 762 891 844 interpretando
915 763 1066 827 instituere
1091 771 1119 825 et

57 848 174 910 erudire
189 849 267 910 uires
283 848 463 912 videbantur.

144 935 273 1014 Apparet
281 941 385 1010 antem,
401 936 537 997 hocloco
553 934 673 996 nonnisi
683 954 734 996 eos
750 940 853 1013 poetas
862 931 928 1008 dici,
944 933 994 1013 qni
1009 941 1118 996 certam

57 1018 183 1098 aliquam
199 1039 262 1081 rem
276 1019 453 1083 carminibus
473 1021 657 1101 propositam
678 1019 761 1100 sequi
773 1020 995 1093 consueverint,
1016 1019 1116 1100 epicos
1131 1033 1144 1073 ⁵

59 1111 88 1165 et
102 1105 275 1184 tragicos5).
312 1106 372 1169 Sed
392 1108 428 1169 ab
448 1107 540 1186 epicis
566 1107 613 1168 illa
633 1107 733 1187 potius
748 1106 916 1186 mythorum
932 1112 1015 1186 parte
1031 1125 1119 1167 occu-

56 1197 203 1270 palaque
217 1188 297 1272 quod
313 1192 347 1253 ab
363 1192 502 1254 heroibus
518 1192 665 1272 praeclare
679 1201 795 1271 gestum
812 1199 882 1265 erat,
898 1191 1065 1253 tradebatur
1075 1194 1119 1267 6);

56 1277 159 1354 tragici
179 1285 282 1338 contra
301 1277 421 1339 idealem
447 1285 561 1358 partem
586 1278 850 1358 amplectebantur,
868 1278 975 1357 quippe
990 1295 1119 1357 quorum

57 1360 86 1423 id
98 1362 225 1424 maxime
240 1370 308 1436 erat,
323 1371 356 1424 ut
370 1370 462 1426 certas
478 1364 542 1424 illas
553 1362 644 1437 ideas,
660 1363 768 1442 quibus
784 1363 813 1422 id
829 1362 906 1441 quod
919 1363 1045 1442 antiquis
1057 1370 1118 1424 tra-

58 1447 157 1525 gicum
178 1467 245 1509 esse
264 1448 414 1510 videbatur
430 1448 570 1522 cernitur,
590 1449 703 1509 idoneis
727 1446 894 1508 fictionibus
914 1448 950 1508 ad
970 1447 1118 1508 definitam

59 1532 206 1593 actionem
221 1541 251 1594 et
265 1534 453 1612 particulares
468 1551 567 1594 mores
581 1540 668 1613 atque
683 1550 827 1613 personas
851 1531 1055 1610 exprimerent.
1085 1532 1119 1592 ln

60 1635 118 1695 qua
132 1634 165 1678 re
187 1618 298 1696 agenda
314 1637 374 1679 non
390 1619 480 1679 modo
496 1637 579 1692 usus,
601 1638 702 1680 rerum
724 1618 826 1679 intima
847 1617 944 1691 etiam,
966 1636 1039 1697 quae
1058 1625 1120 1678 erat

58 1720 178 1782 graecae
193 1703 359 1782 tragoediae
379 1703 493 1765 indoles
513 1712 542 1766 et
561 1723 625 1766 vera
646 1704 689 1764 vis
705 1703 734 1764 id
757 1702 929 1781 imponebat
943 1703 1071 1783 tragicis,
1086 1712 1120 1764 ut

57 1788 191 1867 priscum
206 1788 285 1863 illud,
305 1790 384 1869 quod
401 1790 456 1851 arti
472 1809 542 1851 suae
562 1809 629 1852 cum
644 1790 750 1869 mythis
766 1788 972 1861 intercedebat,
995 1806 1121 1850 consor-

57 1874 131 1935 tium
154 1881 313 1936 tuerentur.
348 1875 480 1954 Namque
495 1875 542 1936 illa
558 1875 707 1954 tragoedia
726 1893 793 1936 cum
817 1874 953 1954 primitus
976 1875 1017 1934 nil
1043 1874 1120 1935 aliud

57 1958 164 2020 fuisset
186 1960 241 2020 nisi
260 1960 495 2022 ceremoniarum
510 1961 541 2022 in
556 1960 686 2041 Dionysii
711 1959 817 2020 Lenaei
848 1959 927 2020 cultu
952 1959 1119 2020 solennium

58 2044 153 2123 aliqua
169 2063 247 2123 pars,
269 2046 375 2125 quibus
391 2046 565 2108 naturalium
586 2064 683 2107 rerum
708 2046 839 2106 defectus
861 2051 889 2104 et
906 2044 1043 2104 interitus
1063 2062 1146 2122 pua

57 2130 132 2190 blice
147 2130 332 2208 legebantur:
353 2133 462 2193 factum
483 2139 538 2206 est,
559 2138 591 2192 ut
605 2132 734 2211 primum
755 2130 873 2210 quidem
892 2129 922 2189 in
939 2128 1119 2208 Dionysiacis

57 2215 249 2294 potissimum
260 2217 366 2278 fabulis
378 2224 552 2290 versaretur,
569 2217 672 2278 deinde
684 2224 841 2296 postquam
855 2215 1009 2294 proprium
1022 2214 1121 2293 quod-

59 2301 126 2362 dam
143 2301 280 2362 ludcrum
297 2321 388 2380 genus
404 2303 562 2376 exstiterat,
575 2302 606 2363 in
622 2320 724 2362 omnes
737 2301 873 2380 protinus
885 2302 1003 2379 mythos
1016 2299 1054 2360 ita
1067 2319 1121 2360 ex-

60 2393 200 2458 curreret,
220 2395 252 2447 ut
271 2387 408 2465 quicquid
428 2389 463 2447 ad
483 2388 545 2465 ejus
567 2387 647 2447 ideas
670 2394 737 2466 apte
762 2386 968 2447 describendas
995 2384 1121 2445 maxime

61 2470 319 2530 accommodatum
336 2477 406 2542 erat,
425 2471 455 2530 id
478 2490 513 2530 ex
531 2471 612 2547 largo
632 2471 682 2530 illo
703 2477 942 2547 argumentorum
969 2470 1121 2548 complexu

62 2553 299 2632 depromeretl).
334 2554 392 2616 illis
408 2554 485 2616 enim
500 2554 700 2633 amplissimus
715 2554 770 2629 ille,
786 2572 843 2633 quo
860 2571 960 2632 graeca
975 2554 1122 2632 tragoedia

130 2794 155 2856 5)
169 2792 255 2861 Lyrici
268 2796 333 2844 euim
345 2793 420 2846 rebus
433 2795 469 2846 ita
480 2793 565 2861 potius
577 2799 688 2860 utuntur,
702 2800 731 2845 nt
742 2808 784 2844 res
798 2808 895 2856 seusus,
909 2809 980 2860 qaam
994 2800 1021 2845 ut
1030 2809 1120 2846 sensns

58 2869 261 2914 mmmm

130 2878 161 2992 db
168 2929 230 2979 Vide
243 2931 301 2997 qnid
313 2931 434 2982 acciderit
446 2930 572 2982 Choerilo.
597 2930 645 2996 Qui
655 2929 770 2981 sabuloso
783 2932 835 2996 illo,
848 2947 895 2996 quo
908 2931 966 2980 viva
978 2933 1120 2998 mytharum

59 3001 132 3066 eopia
142 2999 218 3064 epicis
231 2999 413 3065 suppeditabat,
425 3015 487 3050 aevo
506 2999 609 3064 jamjam
625 2999 726 3065 elapsas
740 3000 811 3049 initio
830 3000 946 3049 carminis
968 3000 1007 3049 sni
1025 3000 1120 3062 ignosci

58 3069 109 3118 sibi
134 3074 251 3184 oplortere
275 3069 342 3129 dicit,
367 3070 431 3134 quod
455 3070 485 3118 de
509 3068 585 3118 rebus
608 3069 754 3132 vulgaribus
777 3069 889 3118 scribere
915 3075 1057 3131 cogeretur.
1083 3065 1120 3117 (ΞΓ.

58 3135 145 3200 frgmt.
173 3152 213 3202 .εῄ

199 3203 227 3254 Ἀ
238 3199 332 3275 μάκαρ
345 3197 423 3262 ὅστις
439 3201 485 3270 ἔην
497 3208 590 3256 κεῖνον
602 3199 710 3275 χρόνον
729 3202 802 3270 ἴδρις
819 3200 926 3255 ἀοιδῶν

198 3269 344 3326 Μουσάων
355 3269 499 3341 θεράπων,
511 3267 549 3323 ὅτ’
570 3269 706 3340 ἀκήρατος
721 3263 756 3336 ἣν
773 3271 814 3322 ἔτι
831 3267 943 3342 λειμών.

196 3342 258 3394 Νῦν
275 3337 298 3392 d'
308 3341 354 3394 ὅτε
370 3338 462 3394 πάντα
475 3339 618 3403 δέδασται,
633 3339 728 3408 ἔχουσι
741 3338 772 3390 δὲ
785 3342 835 3391 πεί
852 3358 904 3390 uro
917 3341 1019 3407 τέχναι,

192 3404 323 3460 ‘'Yoaoaaoa
336 3405 407 3461 ὥστε
420 3405 529 3479 δρόμον
538 3405 772 3480 μναταλειττόμεθ’·
798 3358 867 3457 eaba
877 3425 921 3457 τοι
935 3407 1013 3459 ἔσται

197 3472 293 3542 Πάντη
306 3479 501 3529 παπταίνοντα
513 3475 640 3541 νεοζυγὲς
650 3472 728 3544 άρμα
742 3471 883 3524 πελάσσαι

132 3545 156 3610 7)
174 3546 305 3609 Decreta,
327 3562 374 3610 qno
387 3547 518 3608 tragoedia
536 3558 627 3605 graeca
649 3558 704 3590 cum
725 3543 818 3606 mythis
839 3540 984 3603 tenebatur,
1007 3557 1122 3592 connexu

61 3614 239 3664 disseruerunt
255 3614 352 3663 llecreu
370 3612 446 3663 Idaea
455 3612 474 3663 1.
488 3611 539 3660 486
552 3617 579 3659 ot
590 3609 621 3658 Α.
635 3609 678 3660 W.
692 3609 808 3672 Schlegel
828 3609 856 3661 V
856 3607 945 3660 orlass.
959 3607 976 3658 l.
993 3609 1049 3660 118.
1075 3611 1122 3660 Die

58 3682 217 3748 griechische
229 3680 452 3747 Mythologa'eaocr
464 3684 504 3730 eia
519 3676 623 3728 Gaweba
639 3677 781 3728 actionales
793 3677 847 3728 aad
864 3677 984 3729 drtb'ober
998 3678 1122 3731 Ueberlie·

52 3751 199 3815 samagar,
210 3750 294 3815 gleich
306 3748 444 3798 uerebrlieh
455 3749 494 3798 alr
503 3749 543 3796 ein
553 3747 667 3813 Aabaag
679 3746 725 3798 der
737 3746 862 3813 Religion,
875 3746 975 3797 liberal!
985 3747 1065 3798 durch
1076 3744 1123 3797 Ge·

61 3818 174 3868 badaehe
194 3817 248 3868 aad
262 3816 417 3867 Denlrmd'ter
434 3819 461 3865 in
481 3815 682 3880 oolksmdaaa'ger
698 3815 881 3881 Lebeada'glceit
899 3815 1020 3882 erbaltea,
1041 3815 1122 3882 durch

61 3885 104 3935 die
115 3885 316 3951 maanigsalta'ge
329 3884 498 3950 Behaadtuag
514 3883 668 3934 zalalrca'ohor
684 3884 800 3952 episeher
818 3884 878 3934 oder
894 3885 948 3934 bloa
963 3883 1123 3950 mpthiccher

60 3953 227 4019 Dichtersr'c'r
239 3953 285 4004 das
294 3953 449 4019 Beddrfm'ss
462 3952 507 4004 dor
515 3952 600 4003 dunat
610 3952 664 4003 aad
674 3954 772 4002 autern
782 3951 872 4002 Porcio
883 3952 1121 4003 achon-zabcreitet

61 4019 149 4073 Sumit
159 4023 247 4072 hatten
260 4022 300 4073 die
315 4020 441 4089 Tragilos
453 4038 504 4074 aur
516 4021 607 4072 Pacate
618 4022 672 4086 auf
679 4021 770 4072 Poeaie
787 4037 820 4072 cu
831 4022 929 4088 impsaa
940 4037 965 4070 α.
978 4036 998 4069 a.
1011 4035 1044 4069 ao.

889 4101 921 4153 ¹*
