2558 4530
177 359 212 414 90
462 352 692 421 Quaestiones
716 351 755 405 de
780 351 933 406 historio
1230 339 1243 370 ⁹

174 513 274 574 ierunt
289 508 465 589 antiquitatis
480 508 685 587 ignorantiam.
712 508 807 569 Pauca
822 507 919 568 sciunt
933 514 1047 586 practer
1060 506 1174 566 litteras
1190 525 1236 567 sa-

177 616 254 670 crae,
275 596 352 657 unde
366 595 537 674 Dionysium
558 599 790 654 commentantes
812 592 902 652 miras
917 591 1064 652 interdum
1081 591 1238 670 proferunt

137 704 162 744 ar
176 701 234 751 res,
249 681 326 740 velut
340 680 405 751 hoc,
422 672 563 760 ποιηταί
579 670 795 759 μὲνὍμηρος,
818 669 1069 780 Ἀριστοφάνης,
1096 669 1235 756 Θεόκρι-

174 785 240 839 τος,
264 756 452 843 Ἀλκμαῖος,
467 758 645 842 Πίνδαρος,
658 754 824 836 Ἡσίοδος,
836 752 1032 842 Ἰσοκράτης,
1049 751 1236 841 Εὐριπίδης

178 842 356 912 Θουκυδίδν
366 870 391 924 ς,
404 839 597 929 Φωκυλίδης
610 840 667 906 καί
679 838 710 906 οῖ
721 841 837 907 λοιποί
849 839 971 920 πάντες
982 837 1142 926 ποιηταί·
1160 862 1235 924 συγ-

175 933 310 1037 γραφεῖς
322 929 359 995 δε
372 925 404 994 οῖ
414 927 457 992 τά
468 925 591 992 τούτων
603 925 776 1013 ποιήματα
787 924 1071 1031 συγγραψάμενοι·
1091 923 1235 1009 λέγωμεν

175 1017 212 1081 δε
237 1011 433 1100 τρανότερον
458 1011 537 1096 περί
564 1011 712 1118 ποιητῶν
737 1036 774 1077 τε
800 1035 857 1076 και
879 1008 1108 1098 συγγραφέων·
1136 1033 1199 1075 ποι
1220 1049 1234 1059 -

173 1099 232 1186 τής
257 1097 317 1182 μὲν
345 1092 363 1162 δ
391 1095 504 1180 κύριος
526 1089 619 1182 ήμῶν
644 1097 762 1194 Ιησοῦς
782 1093 943 1180 Χριστός,
972 1098 1174 1181 συγγραφεῖς
1199 1035 1234 1158 δὲ

173 1185 367 1260 Ματθαῖος,
390 1179 541 1287 Μάρκος,
564 1184 715 1260 Λουκας,
736 1176 893 1266 Ἰωάννης.
928 1177 1105 1265 ποιήματα
1126 1177 1165 1244 δὲ
1179 1178 1235 1244 τοῦ

173 1265 233 1350 μὲν
255 1263 396 1353 Ὁμήρου
424 1261 443 1352 ή
474 1263 569 1341 Ιλιολς
591 1264 648 1329 καί
670 1262 690 1364 ή
711 1261 901 1344 Ὀδύσσεια,
931 1261 1171 1348 συγγράμματα
1198 1262 1233 1327 δὲ

173 1351 216 1416 τά
244 1346 327 1415 αὐτὰ
353 1346 514 1415 νοείσθω·
547 1347 619 1414 ἐστί
652 1349 689 1414 δε
720 1349 777 1413 τοῦ
803 1346 915 1436 κυρίου
943 1346 1034 1454 ήμῶν
1060 1346 1233 1434 ποιήματα

171 1433 232 1518 μὲν
254 1433 356 1520 ὁρατά
376 1433 435 1500 καί
456 1435 498 1500 τά
520 1430 647 1518 ἀόρατα
670 1429 835 1517 κτίσματα
857 1432 914 1498 καί
936 1457 956 1519 η
980 1433 1112 1497 παλαιοὶ
1133 1431 1192 1497 καί
1212 1426 1231 1518 ή

171 1518 229 1586 νέα
262 1517 426 1607 διαθήκη,
464 1516 483 1607 ἦ
518 1522 741 1606 συγγραφεῖσα
773 1515 841 1582 ὑπὸ
874 1515 1049 1594 Μωάσεως
1081 1516 1140 1582 καί
1173 1517 1232 1581 τῶν

172 1604 354 1691 προφητῶν
379 1602 438 1668 καί
459 1604 524 1668 ταῖν
546 1599 797 1688 εὐαγγελιοτῶνε
824 1625 949 1685 quorum
969 1613 1082 1685 partem
1105 1606 1231 1685 priorem

173 1692 252 1752 dedit
271 1693 419 1752 Belrlrerus
439 1710 468 1769 p.
492 1691 583 1751 1162.
620 1691 732 1752 Similia
760 1692 993 1752 comminiscitur
1012 1691 1048 1750 de
1068 1691 1230 1761 comoedia,

172 1795 198 1835 v.
219 1776 309 1836 Bell.
329 1794 358 1853 p.
381 1775 462 1835 1166
484 1776 519 1835 ad
541 1774 612 1847 749,
633 1775 683 1834 24.
717 1776 751 1836 ln
779 1776 968 1853 sequentibus
987 1776 1126 1853 leguntur
1148 1776 1230 1836 haec:

172 1855 347 1942 nosocomi
367 1852 490 1942 τρόποι
513 1850 596 1920 είσὶν
618 1852 673 1932 κζ’.
698 1853 787 1942 ζήτει
811 1851 927 1934 αὖτοδς
949 1854 983 1922 ἐν
996 1856 1045 1941 τῷ
1061 1853 1141 1940 περὶ
1155 1853 1231 1940 τρό-

173 1964 247 2005 πων
260 1939 508 2024 Χοιροβοσκοιῖι
533 1943 638 2003 deinde
653 1944 737 2004 haec:
754 1939 885 2024 γλῶσσά
908 1939 998 2007 ε’στιν
1013 1937 1140 2023 ἰδίωμα
1156 1942 1231 2004 δια-

172 2023 301 2105 λέκτου,
326 2020 499 2089 διάλεκτοι
522 2022 560 2088 δέ
583 2020 668 2088 εἰσιν
689 2021 856 2112 ἑλληνικαί
878 2022 987 2104 πέντε,
1011 2020 1080 2104 Ἰάς,
1103 2020 1231 2102 Ἀτθίς,

172 2108 293 2196 Δωρίς,
317 2105 452 2188 Αἰολίς,
475 2105 577 2193 κοινή.
610 2104 675 2186 Ἰὰς
696 2108 755 2191 μὲν
777 2105 904 2197 ἐκλήθη
920 2105 939 2196 ή
955 2106 1146 2174 ταῖνἸώνων
1161 2103 1231 2173 άπδ

171 2187 286 2270 ’Ἰωνος
311 2193 370 2258 aori
396 2189 605 2270 Ἀπόλλωνος
632 2192 689 2257 καί
715 2192 883 2281 Κρέουσης
907 2195 966 2281 τῆς
991 2192 1028 2274 ἐξ
1048 2190 1230 2279 Ἐρέχθεως

172 2275 347 2362 θυγατρός,
370 2265 391 2364 ή
412 2273 552 2364 ἔγραφεν
564 2274 722 2365 Ὅμηρος·
746 2275 865 2357 Ἀτθὶς
888 2276 925 2362 δὲ
947 2273 1047 2366 ήτῶν
1063 2274 1229 2356 Ἀττικῶν,

174 2356 244 2427 άπὸ
260 2343 421 2439 Ἀτθίδος
437 2368 497 2448 τῆς
513 2361 667 2445 Κρανάου
687 2362 863 2470 θυγατρός,
880 2363 900 2449 ᾑ
919 2358 1063 2470 ἔγραψεν
1079 2358 1230 2447 Ἀριστο-

172 2444 221 2534 φά
260 2468 291 2524 ς·
313 2446 426 2535 Δωρίς
448 2445 485 2512 δὲ
506 2442 525 2532 r}
541 2446 605 2511 τῶν
620 2446 778 2532 Δωριέων
794 2447 864 2513 απδ
880 2452 1000 2554 Δωρου
1015 2443 1230 2534 τοῦἝλληνος

171 2556 238 2596 παι
261 2528 307 2612 άς,
319 2522 341 2618 ἶ
352 2527 480 2617 ἔγραψε
493 2529 678 2619 Θεόκριτος.
701 2528 830 2610 Αἰολίς
841 2531 879 2598 δὲ
893 2528 963 2597 άπο
974 2529 1229 2618 ΑἰάλουἝλλη-

170 2640 225 2694 νος
250 2556 386 2694 παιδός,
410 2609 432 2701 ᾗ
449 2612 591 2702 ἔγραφεν
607 2612 794 2699 Ἀλκμαίων
810 2621 893 2698 (εἰε);
910 2617 1003 2703 κοινή
1020 2614 1057 2681 δὲ
1071 2608 1094 2704 ᾗ
1109 2614 1229 2693 πάντες

170 2699 342 2783 χρώμεθα,
366 2701 468 2785 ταύτῃ
484 2697 612 2785 ἔγραψε
625 2698 801 2784 Πίνδαρος.
838 2706 870 2766 ln
887 2706 1076 2784 sequentihus
1092 2715 1162 2767 suut
1176 2707 1227 2774 illa,

172 2805 245 2864 quae
257 2788 404 2863 excerpsit
413 2788 562 2847 Beldrerus
573 2806 602 2865 p.
616 2788 706 2860 1165,
718 2789 766 2848 ubi
776 2790 890 2851 criticae
901 2790 1051 2851 cuiusdam
1062 2809 1162 2852 sacrae
1171 2791 1227 2850 ele-

170 2877 270 2930 menta
281 2871 446 2943 traduntur,
457 2865 565 2954 κρίσις
580 2865 778 2955 ποιημάτων
788 2867 847 2951 μὲν
857 2866 876 2957 ή
887 2865 1026 2976 άκριβής
1037 2871 1156 2954 γνῶσις
1166 2871 1228 2936 τῶν

170 2947 369 3036 ποιημάτων
384 2948 527 3034 λέγεται·
542 2949 644 3039 ταύτῃ
661 2953 702 3039 τῇ
717 2948 925 3044 ήκριβωμένη
938 2978 1055 3038 γνωσει
1065 2953 1228 3043 χρώμενος

172 3030 190 3100 ot
203 3034 428 3120 γραμματικὸς
441 3035 493 3099 δεῖ
503 3032 674 3118 γινώσκειν
682 3037 725 3101 τά
733 3034 850 3121 βιβλία
859 3041 918 3126 τῆς
927 3037 1102 3147 ἐκκλησίας
1112 3040 1227 3116 πάντα,

169 3116 319 3183 τουτέστι
340 3118 399 3205 τήν
420 3119 569 3184 παλαιάν
583 3118 640 3184 καί
654 3120 728 3187 νέαν
744 3121 921 3212 διαθήκην,
938 3125 993 3189 ἵνα
1010 3123 1090 3189 όταν
1105 3122 1226 3212 άκοτίση

169 3202 280 3290 φωνήν
302 3200 392 3291 ξένην
413 3202 470 3269 καί
493 3202 687 3292 σύγγραμμα
709 3200 732 3295 ip*
754 3205 886 3294 ποίημα
907 3207 1041 3297 ψευδές,
1059 3209 1109 3296 μή
1133 3192 1226 3295 δέξή-

168 3312 227 3352 ται
259 3284 338 3353 αὐτὸ
367 3286 412 3367 ώς
439 3284 614 3376 άληθινόν,
648 3289 768 3378 ἐπειδή
802 3288 891 3358 ἔστιν
925 3288 1112 3377 εὐαγγέλιον
1144 3293 1225 3359 κατὰ

171 3375 293 3456 Θωμᾶν
308 3372 487 3459 λεγόμενον.
510 3380 619 3440 Deinde
635 3381 769 3441 meminit
782 3382 990 3462 apocalypseos
1005 3384 1034 3443 S.
1048 3382 1139 3456 Pauli,
1154 3402 1225 3462 quae

168 3478 229 3522 non
251 3463 289 3523 sit
309 3463 449 3541 apostoli,
469 3464 521 3524 scd
541 3464 602 3525 eius
623 3465 772 3536 haeretici,
794 3466 871 3526 unde
891 3467 1128 3527 Paulicianorum
1150 3475 1224 3528 secta

52 3616 55 3621 .
169 3553 232 3605 orta
252 3549 302 3619 sit,
329 3549 456 3626 itemque
476 3549 688 3627 apocalypseos
709 3549 880 3627 suppositae
902 3552 931 3611 S.
952 3553 1081 3612 loannis.
1117 3552 1224 3613 Deinde

168 3631 276 3708 pergit:
298 3629 348 3693 δεῖ
376 3628 414 3692 δὲ
439 3628 496 3693 τὸν
523 3629 748 3715 γραμματικὸν
774 3628 833 3694 καί
853 3630 895 3695 τά
914 3627 1086 3718 Ἑλληνικά
1107 3627 1224 3716 βιβλία

168 3709 352 3791 γινώσκειν·
382 3708 448 3776 εἶσί
471 3713 531 3816 γάρ
553 3712 611 3778 καὶ
633 3712 667 3779 ἒν
689 3710 801 3792 αὐτοῖς
824 3711 980 3799 ὁμώνυμα
1002 3714 1120 3800 βιβλία
1141 3728 1224 3801 φευ-

129 3792 224 3878 radi),
254 3785 323 3859 οἷον
348 3790 368 3880 ή
394 3791 499 3874 άσπις
516 3794 677 3863 Ἡσιόδου
705 3797 763 3863 καί
789 3799 831 3863 τά
861 3802 1013 3888 Θηριακά
1035 3800 1223 3887 Νικάνδρου

168 3877 235 3940 κτλ.
270 3883 350 3954 Quae
371 3884 395 3942 si
415 3902 475 3945 non
496 3885 612 3946 indocte
628 3886 771 3964 disputata
788 3897 866 3962 sunt,
883 3891 956 3950 scito
973 3891 1060 3950 etiam
1076 3891 1222 3969 mytholo-

169 3965 230 4041 giae
249 3975 385 4026 nostrum
405 3968 481 4029 haud
502 3977 648 4048 expertem
669 3990 746 4031 esse:
768 3968 848 4054 περί
873 3969 933 4052 μὲν
957 3976 1017 4037 τοῦ
1040 3969 1223 4055 Μεγαπέν-
