2558 4530
605 1142 631 1202 1.

392 1310 446 1389 DE
472 1308 662 1388 AESCHth
692 1308 848 1390 nausis·

566 1478 687 1487 ---—-

88 1585 252 1646 (Dissertatio
265 1586 420 1649 inauguralis
433 1603 503 1652 quam
517 1586 661 1652 amplissimi
674 1586 874 1652 philosophorum
888 1589 983 1641 ordinis
996 1593 1148 1644 anctoritate

88 1660 116 1702 et
128 1668 252 1703 consensu
267 1654 290 1703 in
308 1656 433 1705 academia
447 1655 556 1717 Georgia
568 1655 682 1717 Angusta
698 1655 728 1703 ad
742 1670 849 1704 summos
863 1656 886 1704 ia
900 1659 1054 1726 philosophia
1067 1663 1146 1711 hono-

87 1737 130 1772 res
144 1722 194 1771 rite
207 1725 375 1787 capessendos
388 1724 427 1773 die
444 1721 536 1774 XVlll.
547 1720 611 1772 fchr.
631 1721 842 1773 MDCCCXXXH
854 1725 953 1789 publice
966 1728 1084 1778 defendet
1096 1729 1149 1778 La·

86 1789 191 1840 dovicus
204 1789 516 1854 Prellerllamhurgensis.
541 1789 741 1856 Opponentihus:
760 1791 788 1840 ll.
798 1790 927 1856 lioellner,
945 1795 1004 1861 phil.
1019 1798 1057 1847 dr.
1068 1797 1149 1863 Span—

215 1858 334 1923 genherg,
344 1861 404 1925 phil.
416 1861 482 1910 stud.
509 1857 653 1922 Gottingae,
667 1859 735 1924 typis
749 1859 949 1912 Dieterichianis.
976 1863 1025 1927 8⁰.)

524 2016 724 2030 -.---.--.„

506 2152 730 2216 PRAEFATIO.

173 2248 281 2326 Persae
305 2268 452 2345 tragoedia
474 2287 541 2330 cum
562 2267 663 2330 ceteris
689 2266 820 2346 partibus
840 2267 922 2327 valde
950 2267 1149 2328 memorabilis

91 2355 121 2408 et
134 2349 165 2408 in
181 2368 237 2427 qua
253 2351 505 2428 diligentissimum
523 2354 651 2414 studium
667 2371 683 2411 a
697 2351 766 2411 viris
779 2351 872 2410 doctis
885 2360 1022 2429 ponatur,
1039 2353 1151 2430 dignis·

93 2433 169 2492 sima
183 2434 257 2492 mihi
272 2435 395 2508 videtur,
410 2443 473 2495 tum
489 2444 612 2514 propter
626 2441 839 2512 argumentum,
855 2438 934 2512 quod
948 2438 1106 2514 Aeschylus
1121 2438 1152 2496 in

47 2562 50 2567 .
94 2536 130 2576 eo
144 2524 263 2578 secutus
281 2519 327 2591 sit,
343 2519 525 2583 historicum.
553 2519 669 2580 Etenim
686 2525 715 2578 et
734 2519 818 2596 pauci
840 2519 961 2580 omnino
977 2540 1011 2580 ex
1027 2522 1152 2599 antiquis

94 2620 214 2680 graecae
240 2621 366 2682 poeseos
393 2605 560 2666 auctoribus
576 2605 740 2676 traduntur,
769 2601 818 2682 qui
838 2603 991 2666 historiam
1007 2606 1151 2685 poematis

91 2688 289 2767 tetigerint1)‚
306 2698 334 2750 et
349 2709 383 2751 ex
397 2691 483 2751 variis
504 2690 558 2751 illis
579 2689 698 2750 nonnisi
724 2690 781 2749 hoc
805 2706 898 2750 unum
925 2699 1268 2758 monumentumsnnn.

93 2781 245 2852 superstes
262 2781 315 2835 est.
347 2776 436 2856 Cujus
452 2775 495 2837 rei
511 2795 578 2837 cum
594 2776 670 2836 inter
689 2794 750 2849 eos,
772 2775 821 2854 qui
841 2775 871 2836 in
891 2776 946 2837 hac
964 2777 1059 2839 fabula
1081 2771 1275 2859 Pel·i.‘1'ni{ii¹

93 2858 233 2937 quirenda
247 2860 374 2932 fuerunt,
390 2861 532 2923 rationem
548 2881 562 2923 a
576 2879 723 2941 quoquam
739 2860 858 2922 uberius
874 2862 1002 2923 habitam
1015 2879 1151 2934 essenon

93 2943 206 3005 videam
219 2948 261 3021 2);
278 2946 385 3024 placuit
404 2965 459 3026 pro
474 2947 579 3009 virium
595 2946 793 3007 mediocritate
813 2946 842 3007 id
863 2947 917 3008 hac
936 2949 1096 3027 scriptione
1115 2948 1154 3007 ita

92 3060 296 3071 ——-——-—--..

166 3114 188 3176 l)
202 3111 357 3179 Phrynichus
370 3116 482 3179 tragicus
495 3123 521 3166 et
533 3115 614 3166 Mileti
632 3115 756 3166 excidium
774 3121 800 3164 et
817 3115 951 3165 Persarum
970 3116 1065 3166 cladem
1081 3115 1154 3165 Sala·

93 3182 194 3232 miniam
208 3184 344 3243 tragoediis
356 3192 414 3234 ante
436 3185 516 3250 ipsum
528 3184 648 3234 Nostrum
670 3183 870 3244 concelebravit3
893 3185 923 3233 dc
948 3185 1094 3235 Phoenissis
1115 3181 1155 3232 la-

93 3250 161 3312 bala,
180 3256 206 3299 ct
219 3251 257 3315 ‘y'
278 3265 306 3300 us
330 3253 441 3317 partibas
464 3268 518 3302 eum
541 3259 641 3302 secutus
657 3267 713 3302 esse
731 3252 848 3301 videatur
859 3250 1007 3317 Aeschylus,
1025 3268 1049 3300 v.
1062 3251 1154 3300 Jacobs

94 3317 174 3369 Wiel.
192 3317 245 3367 Aac.
286 3336 324 3370 as.
337 3319 379 3370 lV.
396 3321 417 3370 1.
436 3327 462 3370 et
478 3320 561 3371 Herm.
579 3321 609 3370 de
626 3318 684 3370 Prs.'
698 3317 748 3368 lab.
767 3319 827 3368 diss.
847 3334 931 3383 opusc.
946 3318 975 3368 ll.
988 3335 1010 3382 p.
1025 3319 1056 3366 87
1071 3333 1107 3381 sq.
1121 3344 1155 3354 -

96 3385 187 3450 Epicus
205 3401 269 3435 unus
282 3387 412 3438 Choerilus
431 3389 528 3438 Samius
545 3395 698 3438 memoratur
716 3384 818 3447 tirgntn
830 3386 869 3434 ed.
882 3385 988 3447 Naelre),
1006 3385 1047 3448 qui
1064 3400 1155 3433 secun-

97 3455 153 3503 dum
167 3453 265 3503 Suidarn
277 3451 326 3519 τὴν
337 3452 492 3520 Ἀθηναίων
509 3458 589 3519 νίκην
606 3449 675 3503 κατὰ
695 3450 799 3567 Edpiov
816 3452 924 3501 carmine
943 3453 1013 3514 epico
1027 3453 1155 3515 tractavit,

97 3522 138 3571 cai
152 3537 238 3571 nomen
252 3531 308 3573 erat
319 3521 450 3589 Περσηΐς.
474 3523 510 3572 lle
524 3523 646 3585 ejusdcm,
660 3535 722 3585 quae
746 3519 889 3579 erehantur,
904 3519 1024 3568 Sanriacis
1037 3536 1061 3570 v.
1074 3518 1154 3570 Naek.

97 3606 120 3656 p.
137 3589 193 3638 101.
209 3618 242 3626 -
260 3592 447 3641 Alexandrinus
463 3590 506 3639 ille
519 3588 637 3651 Rhianus,
655 3587 696 3652 qui
714 3579 900 3651 Μεσσηνιακά
918 3586 1026 3652 scripsit,
1044 3589 1084 3638 hic
1107 3604 1155 3637 non

96 3658 196 3724 attinet,
208 3658 248 3708 uhi
262 3677 310 3709 non
322 3661 351 3708 de
365 3658 515 3708 carminibus
530 3656 620 3720 doctis,
633 3656 677 3705 sed
690 3656 720 3704 de
730 3655 774 3704 illo
787 3662 899 3720 tempore
917 3655 1006 3718 agitur,
1024 3673 1071 3721 quo
1095 3671 1156 3706 vere

96 3726 204 3842 llprehat
215 3728 309 3793 poesis,
327 3733 354 3776 ot
370 3733 461 3791 sponte
480 3725 554 3790 quasi
568 3732 595 3774 et
611 3739 665 3774 cum
681 3723 735 3790 ipso
749 3724 840 3789 populo
852 3723 960 3786 vigebat.
987 3723 1024 3774 De
1037 3724 1156 3790 Euripide

98 3809 168 3844 c.n.
183 3793 206 3844 3.

168 3861 192 3925 2)
213 3862 250 3912 De
271 3862 358 3912 Persis
380 3862 558 3912 disseruerunt
581 3867 683 3927 praeter
704 3875 756 3923 eos,
781 3860 822 3926 qni
846 3860 998 3927 Aeschylum
1020 3861 1159 3920 ediderunt,

99 3929 247 4047 {lamnferus
262 3928 465 4047 Sepiclcsnlsidae
481 3929 525 3981 des
541 3929 685 3998 Aeschylus
702 3944 725 3994 p.
740 3928 780 3980 53.
805 3928 895 3978 lacohs
913 3930 929 3980 l.
943 3945 963 3979 c.
980 3928 1113 3980 Hermann.
1126 3951 1160 3961 -

120 3999 280 4048 ct.c.adn.
312 3999 336 4050 0.

128 4075 245 4129 Preller,
260 4092 352 4137 ausgew.
368 4079 479 4122 Aufsaue.
947 4066 957 4115 Ῑ
1143 4064 1190 4175 pilp,

1136 4172 1139 4177 -
1149 4158 1163 4185 x

1074 4208 1105 4241 xx
1118 4186 1154 4243 ὗ
