2558 4530
284 338 328 390 De
347 350 463 391 caussa
480 333 622 391 nominis
641 334 869 406 Caryatidum.
1048 331 1101 388 137

52 492 100 554 usi
116 493 233 568 sunt2).
262 493 377 553 Etenim
394 493 439 554 alii
455 493 490 553 de
501 493 598 573 Caryis
610 492 772 564 Laconicis,
789 511 844 571 qua
860 492 895 553 de
905 493 977 554 urhe
992 494 1104 573 optime

54 584 178 650 constat,
194 578 382 656 desperantes
396 579 537 658 altamque
551 585 706 657 propterea
719 578 849 638 eiusdem
863 579 990 638 nominis
1001 579 1102 640 urbem

56 662 336 740 circumspicientes,
352 663 521 724 Arcadicam
537 662 667 723 videlicet
679 683 713 723 ex
726 662 868 723 Pausania
884 664 1065 741 protulerunt
1076 672 1104 725 et

56 747 238 807 Herodotum
254 748 331 819 VIII,
349 749 389 808 26
410 749 445 808 de
459 748 617 808 Arcadibus
638 749 672 808 ad
690 748 813 807 Xerxem
830 747 1028 808 delicientibus
1044 767 1106 808 me-

55 851 170 891 morare
187 841 352 909 arguerunt.
384 833 439 893 Sed
454 833 558 911 Caryae
574 832 645 893 istae
661 833 816 893 Arcadicae
831 850 891 893 non
909 832 1037 894 existunt
1051 833 1108 893 nisi

55 916 85 975 in
102 916 264 977 Pausaniae
285 917 424 996 exemplis
443 936 547 996 parum
567 917 742 990 emendatis,
763 926 791 978 et
806 918 972 978 Herodotus
988 918 1109 978 minime

56 1001 93 1059 de
108 1003 260 1062 universae
275 1003 393 1063 civitatis
409 1003 570 1062 delectione
585 1003 727 1081 loquitur,
747 1003 797 1062 sed
814 1003 850 1062 de
869 1003 970 1081 paucis
987 1002 1109 1080 quibus·

57 1086 125 1144 dam
141 1085 247 1145 victum
265 1095 349 1166 atque
365 1107 484 1166 operam
502 1088 706 1166 quaerentibus
723 1078 845 1168 (ὀλίγοι
859 1081 962 1163 τινὲς,
983 1080 1059 1167 βίου
1074 1106 1110 1148 τε

58 1164 208 1247 δεόμενοι
228 1165 284 1231 καὶ
306 1167 427 1252 ἐνεργοὶ
448 1166 642 1251 βουλόμενοι
667 1160 773 1247 εἶναι).
808 1172 862 1232 3144
881 1172 1110 1251 Xenophontem

57 1255 229 1330 citaverunt,
252 1256 300 1334 qui
320 1257 350 1317 in
365 1258 439 1317 Hist.
456 1258 504 1317 Gr.
521 1258 571 1329 VI,
592 1258 624 1330 5,
645 1257 685 1316 25
703 1276 766 1336 sqq.
783 1256 846 1332 Vll,
869 1257 900 1328 l,
917 1257 957 1318 28
974 1258 1109 1336 Caryates

56 1347 154 1400 narrat
169 1359 183 1399 a
201 1341 353 1418 Spartanis
369 1343 404 1402 ad
421 1341 547 1402 Arcades
563 1341 703 1401 defecisse
724 1350 752 1401 et
770 1348 891 1419 propter
905 1341 934 1401 id
954 1341 1111 1402 313433434-

58 1426 146 1485 damo
162 1443 237 1502 rege,
253 1432 416 1504 expugnata
432 1426 512 1498 urhe,
528 1427 678 1485 occidione
694 1426 806 1486 occisos
821 1444 893 1497 esse,
910 1427 987 1505 quod
1002 1427 1110 1487 laetum

58 1516 193 1569 statuunt
207 1510 381 1570 confusione
396 1529 513 1582 eorum,
533 1511 581 1589 qui
596 1529 705 1570 nomen
722 1511 903 1589 Caryatidum
922 1513 1110 1589 peregrinan-

59 1595 139 1653 tibus
152 1595 356 1667 enarraverint,
368 1595 403 1654 ad
416 1603 547 1672 tempora
560 1594 624 1655 belli
637 1595 748 1656 Persici
759 1603 925 1656 revocatum
935 1615 1007 1656 esse.
1027 1598 1108 1669 Quos

61 1679 136 1738 bene
155 1678 288 1738 refutavit
307 1681 460 1750 llarinius,
487 1680 605 1740 Vitruvii
626 1680 820 1741 narrationem
840 1681 962 1740 nlmium
978 1700 994 1742 3
1009 1682 1109 1741 Xeno-

60 1764 190 1840 phonteo
209 1764 372 1842 discrepare
391 1783 530 1837 monens,
552 1766 596 1826 cni
618 1773 791 1843 argumento
811 1765 876 1825 addi
896 1773 1007 1844 potest,
1030 1767 1109 1844 quod

59 1848 228 1908 incredibile
243 1855 300 1921 est,
322 1857 380 1909 tem
400 1856 545 1910 recentem
561 1851 732 1910 memoriam
747 1851 794 1911 illo
811 1870 879 1911 aevo
899 1851 1109 1911 litteratissime

61 1933 132 1994 adeo
150 1933 301 1994 obscurari
316 1936 456 2012 potuisse,
474 1942 505 1995 ut
520 1935 555 1994 de
569 1935 752 2014 temporibus
768 1935 910 1995 bellorum
923 1936 1111 1996 Persicorum

59 2027 173 2080 narrata
186 2019 294 2080 fuerint
309 2039 382 2099 quae
396 2020 577 2098 pertinerent
591 2021 625 2081 ad
640 2028 775 2098 tempora
790 2018 966 2080 Archidami.

145 2104 202 2165 Sed
223 2112 314 2165 restat
332 2105 408 2165 aliud
423 2105 511 2165 huius
532 2105 696 2166 traditionis
711 2105 949 2175 fundamentum,
971 2102 1016 2164 cui
1036 2104 1113 2163 mul-

59 2198 121 2250 tum
133 2189 304 2262 tribuerunt,
316 2190 363 2267 qui
375 2209 479 2268 parum
490 2197 703 2268 reputaverunt,
714 2191 913 2250 monumentis
925 2189 1029 2249 artium
1043 2206 1114 2248 ean-

60 2274 126 2334 dem
142 2275 233 2346 illam,
256 2293 343 2352 quam
358 2275 558 2334 monumentis
572 2275 747 2346 litterarum,
768 2281 858 2334 artem
880 2274 1009 2334 criticam
1029 2273 1115 2334 adhi-

60 2358 185 2418 bendam
200 2377 275 2418 esse.
306 2359 408 2417 Exstat
419 2358 495 2416 enim
513 2358 544 2416 in
555 2358 655 2418 bluseo
667 2358 854 2434 Neapolitano
865 2360 893 2431 3)
910 2358 1114 2435 anaglyphum,

61 2444 141 2522 quod
159 2442 324 2520 Caryatidas
339 2447 546 2518 repraesentat,
562 2441 634 2501 duas
651 2441 814 2518 epistylium
830 2448 1037 2513 sustentantes,
1054 2448 1115 2500 ter·
1134 2486 1174 2527 393

58 2529 133 2587 tiam
150 2527 181 2584 in
197 2526 293 2586 medio
309 2525 487 2585 assidentem
502 2525 583 2584 humi
600 2532 628 2584 et
643 2525 819 2585 moestitiam
835 2543 906 2601 prae
923 2544 954 2584 se
967 2526 1116 2598 ferentem,

62 2611 172 2690 quibus
188 2611 289 2688 figuris
305 2610 401 2669 addita
418 2616 463 2668 est
478 2609 631 2688 inscriptio
647 2610 733 2670 haec:
759 2608 828 2668 ΤΗ
839 2608 1043 2671 ΕΛΛΑΛΙ
1059 2608 1117 2671 TO

65 2693 315 2756 TPOIIAION
334 2692 534 2754 ΕΣΤΑΘΗ
551 2692 1006 2756 ΚΑΤΑΝΙΚΗΘΕΝΤΩΝ
1027 2693 1116 2756 ΚΑ-

63 2777 266 2841 ΡΥΑΤΩΝ.
291 2778 373 2857 Opus
389 2779 493 2839 allabre
509 2779 654 2858 sculptum
672 2787 716 2840 est
730 2787 758 2840 et
770 2779 833 2839 sine
850 2780 938 2841 dubio
952 2780 1113 2859 antiquum.

61 2866 101 2925 De
115 2865 200 2926 titulo
214 2872 310 2925 autem
326 2864 476 2942 inscripto,
492 2882 577 2943 quem
591 2865 718 2943 primum
735 2884 759 2925 3.
776 2866 856 2926 1607
871 2866 992 2944 protulit
1004 2865 1116 2944 Capac-

63 2951 124 3011 cIus
145 2951 175 3009 In
190 2949 307 3028 Antiqq.
327 2956 355 3009 et
370 2949 478 3009 histor.
494 2949 614 3029 Neapol.
636 2969 659 3010 c.
675 2950 755 3010 XXII
775 2953 833 3030 (ap.
850 2951 1009 3011 Burmann.
1026 2951 1115 3012 Thes.

62 3035 180 3113 Xntiqq.
203 3041 231 3094 et
246 3035 354 3096 Histor.
374 3034 470 3095 Italiae
484 3034 569 3094 Tom.
585 3035 637 3106 IX,
655 3035 683 3107 2,
701 3055 729 3114 p.
749 3035 821 3110 194)
838 3042 865 3095 et
881 3037 984 3097 deinde
1001 3055 1034 3095 er
1049 3036 1115 3095 loco

61 3121 109 3179 illo
127 3119 245 3179 Vitruvii
261 3119 412 3179 illustravit
426 3119 587 3193 Reinesius,
608 3120 764 3198 Syntagma
779 3120 870 3180 Inscr.
886 3122 982 3198 Antiq.
999 3138 1027 3197 p.
1045 3119 1115 3192 284,

62 3204 205 3265 dubitavit
218 3204 346 3286 primum
361 3205 505 3278 MalleiuS,
520 3205 578 3264 Ars
595 3205 656 3265 crit.
673 3205 773 3283 Lapid.
790 3224 818 3282 p.
837 3205 931 3279 884),
952 3204 1116 3264 conclama-

63 3296 168 3348 verunt
182 3289 295 3362 deinde,
312 3290 360 3369 qui
375 3290 411 3349 de
422 3289 620 3368 Caryatidihus
637 3290 828 3366 scripserunt,
844 3289 879 3349 ad
896 3307 987 3348 unum
1004 3303 1118 3358 omnes,

10 3414 20 3423 -
63 3373 191 3451 exceptis
207 3375 322 3453 paucis,
344 3375 379 3434 de
395 3374 500 3452 quibus
517 3373 642 3434 sufficiat
656 3374 827 3433 nominasse
842 3372 901 3431 los.
917 3369 1118 3431 Parascando·

132 3573 155 3633 2)
174 3572 238 3623 Prae
251 3574 345 3623 ceteris
357 3588 382 3620 v.
397 3571 484 3621 Marini
496 3571 526 3619 ad
540 3569 641 3620 Vitruv.
665 3567 722 3616 Vol.
736 3565 755 3628 l,
769 3581 792 3630 p.
806 3564 830 3628 9,
844 3565 885 3630 qui
896 3564 982 3615 laudat
993 3566 1066 3615 alios.

132 3639 156 3697 3)
177 3638 213 3692 Cf.
228 3640 292 3690 Mus.
311 3640 445 3688 borbonico
458 3637 517 3686 Vol.
527 3636 561 3695 X,
575 3635 637 3683 Tnv.
651 3633 718 3684 LIX.

131 3708 155 3760 4)
169 3707 216 3759 Ubi
229 3709 296 3757 inter
308 3708 358 3756 3143
370 3707 443 3754 haec:
464 3703 613 3767 „InscriptIo
626 3702 733 3766 aritiquis
746 3699 873 3765 trophaeis
886 3700 927 3749 vel
941 3700 1020 3761 nulla,
1038 3703 1080 3753 vol
1092 3704 1116 3753 43

64 3777 153 3836 scutis,
168 3776 243 3838 lignis
256 3775 354 3839 aliaque
367 3788 451 3838 parum
466 3772 581 3820 diuturna
594 3770 697 3819 materia
710 3776 738 3819 ut
750 3770 882 3834 plurimum
894 3769 1036 3834 designata,
1053 3773 1118 3822 unde

64 3852 111 3905 est,
124 3844 197 3893 huius
210 3844 311 3905 generis
321 3842 419 3892 titulum
432 3840 462 3888 ab
473 3838 647 3903 antiquitatum
661 3837 845 3887 scrutatoribus
855 3835 948 3885 nullum
958 3853 1063 3903 unquam
1077 3855 1119 3888 re-

63 3920 161 3976 pertum
174 3926 242 3961 esse.
268 3910 389 3961 Graeciae
407 3924 469 3960 vero
482 3923 529 3957 nec
540 3913 670 3971 tropaeum
688 3921 733 3956 nec
745 3905 812 3955 aliud
826 3903 949 3968 quidpiam
961 3907 1068 3957 dicatum
1080 3922 1118 3956 rno

63 3979 148 4042 legere
161 3979 290 4029 memini.“
