2558 4530
321 376 366 428 De
390 376 611 443 Praxiphaue
630 377 878 444 Peripatetico.
1098 382 1132 436 95

72 530 171 590 Secuti
187 539 256 591 sunt
271 531 419 610 discipuli,
440 549 567 610 quorum
587 532 684 592 nullus
700 539 744 593 est
761 534 831 610 quin
846 537 1062 613 grammaticam
1080 557 1131 600 seu

71 616 234 692 generalem
252 615 328 677 illam
349 616 409 675 sive
424 617 498 676 bano
512 616 714 694 particularem
732 620 943 680 commentario
958 621 1052 700 aliquo
1068 623 1132 683 edi-

71 707 102 758 to
119 700 254 777 attigerit.
282 701 331 760 Sic
348 701 571 778 Theophrastus
588 709 675 779 atque
686 701 838 762 Eudemus
852 721 940 781 opera
952 706 1131 785 scripserunt

70 776 150 863 περὶ
172 778 305 861 λέξεως,
338 784 443 863 quibus
465 784 499 845 de
520 786 652 863 partibus
677 786 818 847 orationis
842 788 987 867 variisque
1009 809 1044 850 er
1066 792 1130 869 qui-

69 867 126 928 hus
157 869 316 930 verborum
349 869 575 947 significationes
602 888 766 947 suspensae
792 871 852 932 sint
878 873 973 934 causis
1001 883 1131 936 accurate

71 952 275 1030 quaesiverant
286 955 323 1031 3).
358 953 438 1014 Adde
459 955 681 1027 Aristoxenum,
707 955 755 1033 qui
778 956 814 1016 de
833 957 947 1018 musica
967 958 1130 1021 litterarum

69 1043 175 1097 natura
197 1039 393 1116 disputaverat
412 1046 441 1098 et
460 1039 604 1117 quandam
621 1046 792 1101 accentuum
809 1041 994 1120 disciplinam
1011 1043 1130 1105 institu-

69 1121 129 1180 isse
156 1122 319 1197 videtum),
352 1130 381 1182 et
405 1123 586 1184 Heraclidem
612 1124 767 1185 Ponticum
794 1125 924 1205 itemque
948 1128 1130 1190 Demetrium

68 1205 251 1279 Phalereum,
272 1208 436 1268 auditorem
453 1209 666 1287 Theophrasti,
687 1227 813 1287 quorum
833 1210 910 1271 inter
929 1211 1038 1290 scripta
1054 1214 1130 1275 varia

67 1291 248 1366 grammatici
263 1292 426 1370 argumenti
443 1312 531 1370 opera
543 1295 780 1368 recensentur5).
807 1295 925 1355 Praeter
936 1303 1049 1357 ceteros
1062 1317 1128 1359 om-

66 1392 121 1434 nes
137 1383 233 1435 autem
251 1377 432 1453 grammatici
447 1395 557 1437 nomen
570 1377 820 1455 Praxiphanes
836 1381 1049 1456 posterioribus
1065 1402 1128 1442 me-

66 1459 164 1519 ruisse
183 1459 347 1529 videbatur,
370 1461 405 1521 de
427 1479 484 1539 quo
506 1480 572 1521 cum
593 1461 726 1521 nondum
747 1461 813 1522 data
835 1481 959 1540 operae
980 1483 1128 1542 quoquam

67 1542 249 1620 disputatum
267 1563 332 1604 esse
347 1544 505 1619 rideamssl,
521 1545 652 1605 attinebit
667 1563 739 1623 quae
754 1546 789 1605 de
805 1546 861 1607 vita
878 1547 939 1606 eius
957 1556 1043 1627 atque
1054 1551 1154 1611 scri-⁵

66 1627 127 1704 ptis
140 1627 185 1687 vel
200 1635 317 1689 exstant
330 1629 373 1688 vel
387 1629 531 1707 probabili
544 1629 711 1712 coniectura
727 1631 801 1690 effici
813 1639 942 1709 possunt
952 1632 991 1693 ita
1003 1652 1128 1713 compo·
1171 1633 1173 1638 ’

66 1729 138 1771 nere
159 1720 247 1790 atque
268 1713 410 1790 digerere,
435 1714 554 1791 utquid
578 1714 614 1774 de
633 1715 820 1792 grammatica
841 1717 1003 1795 ceterisque
1022 1718 1126 1780 litteris

65 1797 205 1856 meruerit
221 1797 316 1875 quoad
332 1798 393 1859 eius
410 1798 517 1875 poterit
532 1798 749 1860 accuratissime
764 1809 936 1879 exponatur.

149 1881 263 1941 [levita
284 1881 429 1961 rebusque
444 1883 637 1961 Praxiphanis
657 1902 761 1962 parum
783 1892 908 1946 constat.
953 1887 1037 1964 Apud
1061 1888 1125 1948 Cle-

63 1971 193 2025 mentem
213 1967 439 2028 Alexandrinum
455 1968 566 2027 Strom.
581 1968 603 2039 1,
624 1987 653 2046 p.
671 1968 732 2028 365
749 1969 827 2028 Pott.
843 1977 965 2030 vocatur
979 1971 1126 2049 Dionyso·

62 2049 169 2126 phanis
190 2050 265 2111 lilius
286 2059 315 2111 et
329 2051 530 2131 Mitylenaeus,
552 2044 733 2134 ὠνομάσθη
762 2047 800 2114 δὲ
827 2050 1055 2133 γραμματικὸς
1082 2047 1127 2127 ὡς

62 2129 116 2193 νῦν
139 2125 343 2213 ὀνομάζομεν
365 2133 496 2216 πρῶτος
517 2131 737 2220 Πραξιφάνης
758 2131 1031 2219 Διονυσοφάνονς
1047 2139 1123 2199 Μι-

61 2213 246 2300 τυληναῖος,
280 2221 356 2280 inter
381 2221 514 2282 Rhodios
545 2220 720 2282 illustriores
747 2230 919 2282 numeratur
944 2223 1125 2283 aStrabone

61 2301 136 2376 xlv,
153 2321 182 2380 p.
200 2304 261 2362 655
276 2301 342 2363 τῶν
356 2299 436 2383 περὶ
457 2299 575 2383 λόγους
595 2299 654 2365 καὶ
676 2298 881 2388 φιλοσοφίας
904 2300 923 2367 ὅ
944 2326 981 2367 τε
994 2302 1123 2368 Παναί-

60 2405 135 2458 τιος
168 2377 267 2458 αὐτὸς
296 2381 355 2447 καὶ
381 2383 588 2468 Στρατοκλῆς
619 2383 677 2447 καὶ
705 2381 914 2469 Ἀνδρόνικος
946 2384 963 2450 δ
996 2385 1033 2451 ἐκ
1059 2388 1124 2453 τῶν

62 2464 262 2552 περιπάτων
292 2466 352 2530 καὶ
379 2463 555 2553 Λεωνίδης
583 2463 600 2529 δ
628 2465 789 2546 Στωικός,
822 2463 873 2532 ἔτι
900 2467 937 2532 δὲ
964 2469 1124 2555 πρότερον

61 2547 284 2635 Πραξιφάνης
309 2548 368 2614 καὶ
390 2544 545 2637 Εὔδημος
566 2547 624 2613 καὶ
646 2546 845 2635 Ἰεριδνυμος,
876 2556 1055 2635 eandemque
1079 2559 1123 2618 fa-

60 2655 141 2696 mam
163 2638 297 2715 sequitur
310 2638 491 2717 Epiphanius
508 2638 572 2699 adv.
587 2638 704 2699 Haeres.
720 2638 767 2701 lib.
783 2640 831 2701 lll.
850 2640 883 2699 Τ.
900 2641 935 2716 ΙΙ,
948 2660 977 2719 p.
999 2641 1078 2702 1090
1090 2643 1122 2703 B.

59 2721 242 2782 Dubitaveris
263 2741 300 2783 an
320 2723 396 2783 idem
415 2723 505 2783 fuerit
523 2722 708 2802 Mitylenaeus
729 2732 757 2784 et
771 2724 919 2797 Rhodius,
940 2726 992 2786 sed
1009 2735 1123 2789 constat

60 2807 225 2868 certissime
240 2807 463 2887 Peripateticum
479 2814 508 2868 et
522 2808 743 2884 grammaticum
760 2809 885 2870 eundem
901 2829 979 2882 esse,
1000 2811 1121 2890 Peripa-

60 2891 180 2952 teticum
207 2911 275 2953 vero
304 2893 463 2954 memorari
489 2911 505 2952 a
526 2892 670 2954 Strabone
695 2894 738 2953 vel
765 2895 832 2955 inde
854 2896 1042 2957 manifestum
1065 2906 1120 2970 est,

59 3126 148 3190 pendis
158 3126 323 3192 Porphyrium
337 3129 469 3181 subditicio
479 3131 543 3180 libro
552 3143 624 3180 usum
635 3144 692 3178 csse
702 3130 831 3180 existimat
841 3131 961 3180 Lebrsius
972 3131 988 3180 l.
1000 3147 1021 3180 e.
1031 3147 1054 3197 p.
1061 3131 1119 3180 227.

59 3190 105 3254 [Cf.
119 3192 210 3243 Franc.
224 3192 305 3245 Ritter
321 3196 345 3245 in
362 3199 539 3248 commentario
552 3199 576 3247 in
590 3196 697 3246 Aristot.
711 3204 777 3262 poet.
792 3213 831 3262 μς.
844 3197 902 3247 264.
927 3197 1041 3247 Diintzer
1052 3198 1116 3247 liet-

59 3267 121 3322 tung
133 3261 180 3310 der
191 3261 316 3312 aristotel.
330 3263 416 3314 Poetilr
430 3281 470 3329 μς.
485 3266 551 3328 102]

129 3327 152 3391 3)
171 3329 275 3379 Brendis
292 3331 353 3380 iiber
371 3333 411 3380 die
428 3333 575 3383 Schiolsale
591 3333 637 3381 der
653 3332 785 3380 Aristotel.
804 3331 900 3380 Biicber
912 3347 935 3395 p.
949 3330 980 3378 33
994 3347 1031 3395 sq.
1057 3330 1117 3378 Fra—

59 3401 158 3455 gmenta
178 3396 236 3446 libri
253 3396 418 3463 Theophrasti
440 3401 586 3465 plenissime
608 3399 711 3459 collegit
728 3398 828 3446 Maxim.
854 3398 965 3445 Schmidt
985 3397 1015 3445 da
1033 3395 1118 3445 Theo-

59 3462 162 3526 phrasto
174 3464 283 3524 rhetore,
296 3466 351 3514 llal.
365 3467 425 3516 Sex.
441 3467 513 3529 1839,
527 3484 550 3532 p.
564 3465 682 3514 37-54.

128 3529 153 3593 4)
173 3530 275 3582 Classen
290 3533 306 3580 l.
321 3549 343 3581 o.
355 3549 379 3597 p.
394 3533 439 3593 343
454 3531 485 3583 of.
498 3535 579 3582 Lebrs
591 3533 609 3580 l.
623 3547 644 3579 c.
657 3546 682 3594 p.
695 3530 736 3577 51.

128 3597 152 3657 5)
171 3598 207 3647 De
220 3600 352 3648 Heraclide
365 3617 388 3649 v.
402 3600 473 3662 Diog.
486 3600 514 3649 L.
528 3599 558 3663 V,
574 3597 614 3658 87,
628 3598 657 3645 de
671 3595 798 3644 Demetrio
812 3595 844 3644 ib.
858 3594 898 3646 80.

126 3664 152 3728 6)
173 3665 232 3715 Cum
251 3682 331 3730 neque
347 3667 435 3716 Suidas
454 3667 485 3715 de
497 3664 655 3729 Praxipbane
673 3670 850 3712 commemoret
866 3678 946 3727 neque
963 3665 1115 3727 Athenaeus,

57 3748 161 3795 quornm
173 3734 217 3783 ille
230 3735 380 3798 scriptorum
390 3734 578 3798 deperditarum
589 3732 663 3791 vitas,
673 3731 712 3780 bic
720 3729 860 3791 fragmenta
870 3731 1007 3797 titulosque
1017 3731 1117 3798 pleros-

57 3814 104 3862 que
118 3802 280 3866 suppeditare
298 3801 377 3863 solet,
396 3802 521 3850 siluerunt
533 3801 563 3848 de
577 3815 605 3848 eo
619 3799 693 3848 etiam
706 3799 872 3860 recentiores,
886 3801 957 3850 velut
969 3801 1117 3862 Soboellius,

57 3868 98 3929 qui
115 3869 195 3917 semel
212 3876 307 3918 tantum
325 3870 398 3933 idque
412 3869 508 3917 leviter
523 3875 597 3932 atque
615 3868 639 3915 in
657 3881 685 3914 re
697 3866 818 3915 alieniore
830 3865 994 3932 Praxiphanis
1006 3870 1117 3920 meminit

55 3933 114 3984 Vol.
127 3933 146 3996 l,
160 3952 184 4000 p.
198 3935 256 3998 241,
269 3937 335 3985 inter
348 3943 557 3985 commentatores
567 3935 705 4000 Sophoclis.
730 3933 794 3984 Prae
805 3935 897 3987 ceteris
907 3952 931 3987 v.
941 3937 1041 3988 Fabric.
1051 3935 1115 3986 BibL

57 3999 102 4053 Ge.
116 4002 175 4052 Vol.
188 4001 229 4064 lll,
241 4019 265 4067 p.
279 4004 327 4053 503
341 4012 368 4054 et
379 4005 482 4054 Classen
495 4005 513 4053 l.
527 4019 547 4054 c.
560 4019 584 4069 p.
599 4003 671 4067 8sq.;
687 4002 727 4052 71.
