2558 4530
133 400 186 455 132
544 396 591 448 De
609 395 663 449 via
681 407 776 449 sacra

90 577 116 616 ro
133 563 225 635 gatur.
256 552 421 613 Occurrunt
435 542 466 613 oi
484 541 603 612 Ῥειτοὶ
635 551 684 629 qui
698 550 906 623 vocanturlssl.
936 548 1061 627 Antiqua
1077 548 1122 609 via
1138 549 1190 609 suh

132 642 207 721 ipsis
223 638 337 700 collium
353 637 500 699 radicibus
516 643 604 697 strata
620 643 689 710 erat,
706 643 738 697 ut
752 635 872 714 paludes
888 634 950 693 illas
965 654 980 694 a
1003 635 1082 694 laeva
1099 634 1189 693 habe-

132 733 190 799 ret,
206 724 351 785 recentior
365 723 500 802 proxime
517 723 597 782 littus
614 722 740 793 ducitur,
758 728 789 781 nt
809 719 894 779 Rheti
915 719 974 779 sint
993 720 1027 779 ad
1050 719 1189 778 dextram.

131 812 172 872 lle
187 819 290 872 natura
303 811 412 869 horum
427 807 586 867 rivulorum
607 806 830 885 exphcatissime
857 821 937 864 nuno
962 803 1083 864 disserit
1107 804 1189 863 Fied-

131 896 208 957 lerus
223 895 321 954 ltiner.
337 895 365 964 l,
388 911 417 970 p.
441 892 490 964 82,
512 893 561 970 qui
578 893 655 970 quod
673 892 794 952 adnotat
813 889 947 968 piscium,
963 890 1055 967 quiin
1072 889 1128 948 illis
1145 889 1188 948 in-

132 982 200 1054 sint,
216 997 332 1041 carnem
341 977 495 1038 candidam
507 996 572 1037 esse
583 976 759 1054 marinisque
770 975 899 1054 piscibus
915 992 1022 1052 sapore
1037 982 1188 1053 praestan-

131 1066 246 1137 tiorem,
262 1070 342 1142 patet
355 1063 418 1126 iam,
431 1080 526 1134 causa,
542 1079 594 1121 cur
610 1061 809 1121 sacerdotibus
825 1058 981 1120 Eleusiniis
997 1059 1046 1118 hic
1060 1059 1188 1137 piscatus

132 1156 297 1210 reservatus
323 1146 481 1221 fuerit19).
522 1145 607 1218 Quod
634 1146 702 1206 huic
725 1144 870 1205 notationi
896 1142 992 1204 adiicit
1018 1143 1187 1215 Pausanias,

131 1233 347 1294 Eleusiniorum
368 1233 442 1291 fines
463 1230 621 1308 antiquitus
643 1249 736 1309 usqne
753 1230 788 1289 ad
804 1229 915 1288 Rhetos
931 1228 1119 1306 pertinuisse,
1134 1228 1188 1288 hoc

132 1319 167 1379 ad
183 1338 215 1379 ea
230 1326 366 1395 tempora
381 1315 566 1375 referendum
582 1315 703 1387 videtur,
721 1334 792 1393 quae
808 1313 915 1374 bellum
928 1313 1118 1386 Eleusiniam,
1133 1332 1187 1392 quo

132 1403 270 1463 Eleusinii
286 1420 352 1461 cum
368 1400 595 1461 Atheniensibus
611 1401 647 1460 ad
663 1399 750 1460 nnius
767 1399 887 1459 civitatis
900 1398 1083 1459 consortium
1099 1398 1187 1458 iuncti

132 1494 216 1560 sunt,
243 1487 376 1564 proxime
401 1485 617 1546 antecedebant.
671 1485 785 1544 Etenim
811 1483 1013 1562 antiquissimo
1044 1491 1186 1561 tempore,

133 1572 211 1651 quod
227 1572 325 1649 ipsum
341 1570 437 1648 campi
451 1587 560 1630 nomen
575 1569 682 1647 prodit,
702 1568 904 1629 Thriasiorum
926 1575 1008 1629 erant
1027 1569 1089 1646 agri
1110 1568 1156 1642 illi,
1173 1586 1187 1628 a

133 1673 237 1732 campo
258 1655 356 1724 Rario,
378 1672 436 1731 quo
458 1653 673 1713 Eleusiniorum
695 1654 768 1713 lines
788 1653 924 1731 primitus
944 1653 1073 1713 inclusos
1096 1653 1185 1713 fuisse

133 1738 294 1810 statuerim,
310 1754 402 1814 usque
419 1736 455 1795 ad
465 1738 619 1813 Aegaleum
629 1745 760 1797 montem
776 1745 907 1816 patentes
917 1740 976 1814 2⁰).
993 1737 1030 1797 Et
1041 1744 1187 1798 manserat

133 1824 219 1884 etiam
235 1840 327 1900 usque
347 1821 381 1880 ad
397 1820 557 1881 Pausaniae
576 1827 709 1899 tempora
732 1841 835 1882 rumor
854 1822 990 1900 antiquus
1006 1823 1042 1882 de
1058 1822 1188 1883 Crocone

132 1907 259 1987 quodam
275 1905 375 1984 regulo
390 1905 499 1983 prisco,
514 1905 596 1966 cuius
621 1924 743 1984 regnum
765 1907 852 1967 luerit
870 1908 950 1985 regio
970 1914 1052 1967 trans
1068 1907 1186 1979 Rhetos,

88 2017 112 2055 11
133 1992 236 2069 cuique
253 1992 419 2061 Saesaram,
434 1989 509 2052 Celei
524 1990 663 2050 Eleusinii
679 1991 777 2064 filiam,
792 1998 913 2072 nuptam
931 1991 1024 2052 fuisse
1038 2010 1184 2051 memora-

132 2077 211 2150 bant,
233 2096 308 2155 qnae
329 2074 432 2135 mulier
449 2075 525 2134 inter
545 2075 764 2152 antiquissimas
780 2076 890 2137 Cereris
913 2077 1074 2136 Eleusiniae
1089 2094 1186 2136 sacer-

132 2163 217 2223 dotes
237 2162 476 2235 recensetur21).
506 2160 586 2232 Quae
609 2160 685 2220 lama
706 2159 744 2221 ita
759 2160 886 2222 fortasse
901 2160 1117 2239 interpretanda
1133 2168 1184 2232 est,

133 2292 348 2343 ldhlinutenweit
360 2294 456 2343 siidlich
466 2311 496 2344 aa
510 2294 648 2358 derliiiste,
658 2297 713 2346 sind
727 2296 822 2346 Ruinen
836 2298 905 2347 eines
915 2297 984 2347 alten
995 2297 1095 2361 Demos,
1109 2298 1185 2346 wahr-

131 2358 365 2410 scheinlichTh1·ia.
390 2361 520 2412 Thriasius
539 2371 594 2414 erat
607 2364 695 2415 Crates
715 2364 884 2430 philosophus,
897 2366 968 2426 Diog.
994 2365 1022 2415 L.
1036 2365 1078 2426 lV,
1100 2365 1124 2415 4.
1139 2365 1185 2414 Ile-

130 2444 195 2477 mum
206 2427 305 2493 synesii
318 2431 470 2495 temporibus
483 2434 644 2497 superstitem
658 2430 735 2481 luisse
748 2440 818 2498 patet
830 2449 861 2482 ex
875 2449 913 2498 ep.
930 2433 977 2481 135
995 2449 1018 2497 p.
1029 2432 1079 2481 272
1093 2435 1132 2482 ed.
1143 2433 1185 2482 Pe·

130 2503 181 2545 tav.
207 2490 458 2564 Ἀναγυρούντοθέν
472 2513 517 2549 σοι
529 2497 631 2571 γράφω
648 2502 694 2550 καὶ
706 2502 836 2568 Σφηττοῖ
851 2501 954 2568 γέγονα
966 2500 1012 2550 καὶ
1027 2500 1131 2568 Θριῶζε
1144 2499 1185 2550 καὶ

129 2558 289 2631 Κηφισιάσι
302 2565 346 2614 καὶ
361 2567 496 2634 Φαληροῖ.

198 2631 237 2694 18)
254 2627 353 2681 Ῥειτοί
364 2635 405 2682 vel
415 2629 510 2693 Ῥειτά,
529 2642 604 2700 prout
618 2637 745 2703 ποταμοί
764 2635 910 2700 suppleatur
927 2636 969 2686 vel
990 2630 1125 2703 ναμάτια,
1141 2651 1184 2701 quo

130 2713 221 2757 genere
239 2699 374 2762 Sophocles
391 2716 451 2748 usos
467 2708 530 2760 erat,
548 2717 573 2750 v.
594 2701 657 2750 Phot
673 2718 694 2751 s.
715 2718 739 2752 ν.
757 2703 840 2752 Schol.
860 2703 973 2769 Thucyd.
991 2702 1020 2768 H,
1040 2703 1070 2752 19
1087 2706 1186 2754 adnotat

130 2764 207 2813 Orum
220 2766 351 2828 scripsisse
359 2762 466 2827 Ῥειτός,
482 2768 647 2818 Herodianum
660 2764 769 2834 Ῥεῐτος,
786 2787 811 2822 v.
835 2770 896 2820 Loh.
916 2770 1023 2836 Paralip.
1042 2770 1087 2820 Gr.
1105 2788 1142 2835 gr.
1157 2769 1184 2832 ll,

130 2847 153 2894 p.
167 2830 225 2878 350.
261 2831 430 2882 Memorabilis
448 2835 478 2882 de
495 2835 545 2884 illis
563 2842 621 2884 nota
639 2844 679 2886 est
695 2838 813 2904 Hesychii
830 2854 850 2888 s.
870 2855 894 2888 v.
913 2837 942 2890 ἐν
960 2839 991 2902 τῆ
1012 2834 1120 2903 Ἀττικῆ
1136 2834 1184 2888 δύο

130 2898 203 2947 εἰσὶν
216 2896 328 2976 οῖ’πρὸς
340 2901 372 2968 τῇ
382 2897 515 2954 Ἐλευσῖνι
524 2897 621 2952 Ῥειτοὶ
639 2903 748 2972 ῥωγμοὶ
766 2909 822 2971 (quo
840 2907 962 2955 vocabulo
977 2891 1078 2956 indoles
1095 2893 1184 2957 llheto·

130 2971 294 3042 rumuoptrme
313 2968 481 3032 exprimitur),
499 2969 546 3018 καὶ
564 2965 579 3017 ὁ
597 2967 650 3037 μὲν
666 2969 738 3038 πρὸς
749 2974 781 3042 τῇ
793 2969 917 3042 θαλάττῃ
935 2975 983 3038 τῆς
1000 2973 1185 3044 πρεσβυτέρας

129 3036 199 3111 grav
212 3031 330 3114 (Cereris)
343 3033 519 3115 volffllqwffl
533 3033 562 3086 δὲ
575 3035 648 3104 πρὸς
659 3039 690 3088 τὸ
704 3035 773 3090 ἄστυ
786 3041 834 3105 τῆς
844 3042 978 3108 νεωτέρας
990 3041 1183 3108 (Proserpinae).

129 3103 198 3148 σθεν
210 3115 274 3156 τους
285 3099 417 3169 λουτρους
428 3105 592 3170 αγνίζεσθαι
604 3101 667 3163 τοὺς
678 3104 807 3164 θιάσους.
820 3107 866 3172 [Cl.
880 3108 1182 3172 GoettlingGesammelte

129 3166 324 3230 hhhandlungen
335 3185 358 3234 p.
375 3169 441 3233 118.]

159 3297 166 3315 Ι
199 3233 238 3295 19)
262 3234 411 3286 Pausanias:
436 3235 499 3296 τοὺς
515 3241 598 3308 ἰχθῦς
613 3240 642 3300 ἐξ
666 3236 758 3294 αὐτῶν
776 3246 836 3299 τοῖς
856 3244 978 3315 ἱερεῦσίν
998 3243 1077 3298 ἔστιν
1097 3247 1184 3316 αἱρεῖν

126 3317 239 3419 ρρέιλυς,
256 3330 290 3340 -
306 3303 452 3356 Laudentur
468 3309 499 3357 αἱ
515 3309 619 3375 ψῆτται
632 3304 833 3361 Ἑλευσινιακαί
848 3327 888 3377 ap.
906 3314 997 3364 Athen.
1014 3312 1068 3377 Vll,
1082 3314 1131 3364 285
1150 3313 1182 3373 Ἐς

167 3437 237 3553 l4250)
261 3438 342 3490 Locos
365 3441 406 3492 uhi
425 3444 503 3509 campi
516 3443 625 3495 Thriasii
643 3446 735 3496 mentio
752 3446 792 3510 fir,
810 3463 835 3498 v.
853 3462 892 3513 ap.
908 3448 985 3499 Leak.
1005 3449 1035 3498 de
1054 3451 1119 3499 dem.
1132 3450 1182 3500 att.

127 3519 142 3568 p
194 3572 235 3654 El)
248 3573 396 3627 Pausanias:
406 3578 451 3628 καὶ
462 3576 578 3643 διαβᾶσι
588 3575 651 3636 τοὺς
657 3576 774 3638 Ῥειτοὺς
784 3581 894 3652 πρῶτος
904 3577 968 3650 ᾤκει
979 3579 1105 3665 Κρόκων,
1115 3583 1183 3637 ἔνθα

126 3638 172 3687 καὶ
181 3655 231 3718 vor
245 3638 284 3690 ἔτι
291 3645 418 3706 βασίλεια
429 3642 717 3713 καλεῖταιΚρόαωνος·
731 3650 830 3700 τοῦτον
837 3645 981 3714 Ἀθηναῖοι
994 3648 1183 3720 τονΚρόκωνα

126 3706 231 3756 Kalaov
251 3710 370 3777 θυγατρὶ
386 3713 548 3778 συνοικῆσαι
567 3711 697 3785 Σαισάρᾳ
717 3717 838 3783 λέγουσι.
866 3717 998 3769 Cecinerat
1023 3721 1054 3770 de
1077 3723 1182 3772 Saesara

126 3771 257 3838 Pamphus.
281 3777 398 3828 Eiusdem
411 3796 498 3830 nomen
511 3782 543 3830 ad
556 3797 652 3831 omnem
670 3783 802 3849 aliquando
814 3785 968 3836 Eleusiniam
979 3789 1131 3852 pertinuisse
1144 3803 1182 3838 re·

124 3836 175 3888 lert
193 3840 332 3920 Hesychius
349 3862 373 3896 v.
393 3849 541 3915 Σαισαρία,
555 3843 570 3912 ἡ
582 3844 705 3901 ’Eleuolr
723 3847 870 3919 πρότερον,
889 3856 953 3904 unde
972 3855 1113 3906 Lohechins
1126 3855 1180 3919 Agl.

125 3921 149 3983 p.
163 3905 337 3985 gelfnffiwsss
350 3929 437 3963 nomen
450 3930 465 3963 a
478 3922 562 3965 terrae
576 3915 676 3966 ductum
690 3933 746 3968 esse
759 3920 904 3971 arbitratur.
927 3921 961 3972 At
974 3926 1127 3974 contrarium
1139 3939 1181 3974 vc·

125 3974 263 4038 rrsrmrhus,
273 3992 327 4027 cum
337 3976 486 4048 Σαισάραν
493 3990 580 4048 pateat
590 3998 646 4034 esse
658 3985 674 4034 i.
685 4001 709 4050 q.
728 3990 880 4054 σεσαρυῖαν
890 3989 943 4040 h.e.
960 3991 1033 4042 dulce
1048 3992 1181 4043 subriden-

126 4046 185 4104 tem,
203 4056 218 4092 a
230 4058 253 4095 v.
268 4047 365 4115 σαίρω,
375 4048 405 4097 dc
418 4064 464 4113 qua
477 4066 501 4101 v.
515 4049 657 4102 Wuestem.
671 4053 702 4103 ad
715 4053 821 4105 Theocr.
834 4053 886 4120 Vll,
902 4055 941 4106 19.
