2558 4530
131 379 164 429 48
546 375 588 426 be
606 374 769 427 Hellanico

131 543 218 605 etiam
233 543 351 606 Oriente
364 544 472 605 famam
494 541 529 602 ad
544 538 723 604 Hellanicum
742 547 912 622 penetrasse
932 544 1106 617 ostendunt,
1127 561 1187 606 non

131 629 215 690 aliam
232 632 328 705 credo,
349 648 435 709 quam
451 645 524 706 quae
543 627 701 706 Phrynichi
722 627 911 708 Aeschylique
931 628 1029 690 Musas
1049 630 1185 709 implevit

131 733 192 777 non
207 724 240 777 ut
253 716 316 778 illas
328 715 462 794 regiones
472 713 541 792 „ipse
557 713 661 773 obierit
671 712 748 774 velut
759 714 925 776 Herodotus
941 723 970 776 et
981 714 1101 776 Ctesias.
1129 716 1184 777 Sed

131 809 267 880 poterant
280 802 335 862 illis
351 798 533 878 temporibus
550 798 635 858 etiam
652 798 705 876 qui
723 817 783 859 non
799 800 874 859 inter
889 801 994 861 Persas
1013 801 1185 880 peregrinati

130 895 213 949 erant
225 887 301 967 apud
314 885 438 945 Graecos
451 882 595 944 Asiaticos
604 885 647 944 vel
659 884 745 945 etiam
758 883 787 944 iu
800 885 864 963 ipsa
874 885 992 946 Graecia
1005 887 1075 947 satis
1088 887 1185 961 multa,

130 992 202 1051 quae
217 977 382 1032 memoratu
398 969 483 1048 digna
497 969 676 1042 viderentur,
696 989 731 1030 ex
746 969 901 1031 hominum
916 971 1124 1034 traditionibus
1140 991 1185 1034 ar·

129 1058 234 1137 ripere.
263 1054 448 1116 Memorabile
467 1073 535 1115 vero
557 1055 751 1127 Hellanioum,
774 1063 920 1135 quotquot
939 1064 1055 1118 exstant
1075 1077 1112 1118 ex
1131 1058 1185 1119 hoc

131 1160 234 1222 opere,
261 1140 394 1219 plurimis
417 1140 580 1219 discrepare
600 1141 635 1201 ab
656 1140 821 1214 Herodoto;
847 1142 924 1202 unde
946 1143 1139 1204 confirmatur
1158 1143 1184 1204 id

129 1227 207 1304 quod
224 1244 312 1304 supra
328 1225 425 1300 statui,
441 1225 613 1305 Aegyptiaca
629 1233 781 1304 ceteraque
791 1226 824 1293 id
841 1245 932 1304 genus
949 1228 1066 1307 scripta,
1083 1248 1118 1289 ex
1130 1229 1184 1289 He-

128 1311 234 1371 rodoto
251 1311 416 1390 compilata,
433 1310 580 1371 Hellanico
596 1329 610 1371 a
626 1310 840 1372 recentioribus
856 1313 1009 1393 supposita
1024 1313 1126 1374 fuisse.

215 1395 353 1457 Solebant
366 1396 544 1457 fabulatores
558 1396 659 1457 Graeci
675 1414 778 1458 omnes
794 1405 896 1475 gentes
909 1405 1021 1459 exteras
1034 1405 1184 1460 stemmata

129 1489 214 1561 atque
241 1482 422 1560 genealogias
445 1482 635 1561 procudendo
658 1500 724 1543 cum
748 1482 808 1542 suis
830 1483 962 1561 ipsorum
983 1484 1122 1546 heroibus
1149 1485 1183 1545 in

129 1567 299 1627 consociare
313 1574 398 1646 atque
413 1568 448 1628 ad
464 1585 552 1628 unam
570 1567 692 1644 stirpem
709 1568 855 1646 copulare,
872 1576 904 1629 ut
918 1568 1036 1630 Graecia
1052 1570 1182 1631 onmium

128 1652 290 1725 nationum,
308 1660 453 1731 quotquot
467 1660 538 1713 tuno
553 1658 640 1712 notae
655 1659 746 1725 erant,
761 1653 842 1713 radix
857 1661 942 1732 atque
957 1663 1051 1716 mater
1064 1675 1132 1716 esse
1143 1654 1182 1714 ri·

129 1737 259 1809 deretur,
286 1737 419 1798 similiter
448 1744 533 1815 atque
560 1737 636 1814 apud
662 1737 782 1798 ludaeos
806 1738 966 1817 antiquitus
988 1740 1098 1801 lactum
1122 1757 1184 1802 esse

128 1829 275 1883 monstrat
289 1829 413 1883 stemma
433 1823 503 1883 illud
518 1820 744 1882 Noachidarum.
783 1824 870 1884 Cuius
891 1825 977 1885 studii
999 1825 1086 1886 sicuti
1109 1824 1184 1905 apud

130 1908 315 1969 Herodotum
331 1907 449 1985 vestigia
464 1907 606 1968 nonnulla
621 1907 887 1986 deprehenduntur,
903 1910 941 1970 ita
958 1910 1097 1972 Hellanici
1111 1927 1184 1990 opus

127 2000 221 2054 totum
237 1994 267 2053 in
289 2013 323 2054 eo
345 1994 475 2073 positum
496 2000 565 2053 erat.
604 1992 706 2053 belum
727 2001 812 2073 atque
832 1995 1010 2074 Agenorem,
1037 1995 1184 2057 Plroronei

128 2096 228 2156 genus,
244 2079 398 2140 tradebant
413 2096 584 2158 procreasse
595 2079 766 2158 Aegyptum,
782 2080 923 2154 Danaum,
939 2081 1099 2160 Cepheum,
1114 2082 1183 2142 Phi-

127 2182 229 2238 neum3
245 2165 280 2225 ab
295 2165 341 2224 his
353 2164 522 2224 nominatos
536 2181 601 2223 esse
611 2164 776 2243 Aegyptios,
788 2165 912 2240 Danaos,
924 2166 1086 2245 Cepheum,
1099 2165 1184 2227 Ponti

127 2249 250 2309 accolas.
285 2249 333 2309 Sic
347 2249 481 2329 Apollod.
497 2248 531 2318 ΙΙ,
551 2249 577 2320 1,
593 2249 628 2324 4;
649 2249 691 2309 sic
705 2250 883 2329 Pherecydes
900 2270 945 2329 ap.
963 2252 1030 2313 Sch.
1046 2253 1181 2330 Apellen.

87 2333 175 2405 31ΠῘ,
195 2334 291 2408 11853
308 2335 351 2395 sio
366 2334 450 2394 etiam
467 2333 629 2394 Hellanicus
645 2353 691 2412 ap.
708 2335 749 2395 St.
765 2335 798 2395 B.
815 2354 841 2394 v.
861 2329 1012 2439 Ἀρταῖα,
1036 2332 1183 2422 Περσική

128 2414 225 2499 χώρα,
249 2408 288 2501 ἣν
311 2413 449 2480 deditos
469 2415 614 2501 Περσεδς
643 2412 661 2480 δ
681 2413 836 2504 Περσέως
863 2441 921 2483 και
950 2413 1181 2504 Ἀνδρομέδας.

133 2495 216 2564 Ἑλλ.
242 2499 275 2566 ἐν
289 2500 464 2586 Περσικῶν
485 2497 609 2589 πρώτῃ.
647 2504 851 2567 Andromedae
866 2516 948 2586 pater
962 2515 1024 2569 erat
1039 2508 1182 2587 Cepheus,

125 2589 347 2669 antiquissimus
373 2589 559 2668 Assyriorum
585 2607 765 2670 eponymus‚
791 2592 826 2650 de
847 2610 903 2668 qua
925 2611 958 2653 re
979 2592 1180 2654 testimonium

126 2673 227 2734 Nostri
247 2674 399 2735 adhibetur
420 2675 607 2753 ap.eundem
626 2672 847 2748 carnidatur,
872 2667 903 2735 ol
925 2670 1086 2758 πρότερον
1108 2680 1181 2763 Kq-

126 2755 234 2842 φῆνες.
257 2794 299 2802 -
318 2750 504 2834 Ἑλλάνικος
519 2752 557 2822 δέ
578 2777 681 2844 φησιν
702 2753 736 2821 ἐν
751 2752 873 2839 πρώτῳ
889 2759 1064 2841 Περσικῶν
1080 2757 1181 2824 οὕτω·

125 2838 269 2926 Κηφέως
303 2835 413 2906 οὐκέτι
446 2841 564 2920 ζῶντος
596 2837 873 2927 στρατευσάμενοι
913 2837 949 2905 ἐκ
983 2844 1183 2927 Βαβυλῶνος

127 2919 308 3011 ἀνέστησαν
328 2923 364 2990 ἐκ
391 2926 448 3013 τῆς
473 2925 580 3034 χώρας
607 2923 665 3000 καὶ
692 2923 751 3009 τὴν
773 2923 887 3011 Χογήν
909 2919 1012 3007 ἔσχον,
1032 2931 1045 2959 *
1069 2926 1182 2995 οὐκέτι

125 3004 145 3093 ἡ
168 3007 255 3096 χώρη
279 3007 412 3099 Κηφηνί
454 3013 609 3077 καλεεται
632 3004 709 3074 οὐδὲ
728 3002 760 3073 οἳ
777 3002 955 3096 ἅνθρωποι
970 3007 1002 3078 οὶ
1016 3010 1183 3080 ἐνοικοῦν-

125 3116 179 3170 τες
193 3099 355 3182 Κηφῆνες,
373 3037 456 3162 dolo
471 3095 707 3173 Xoldoioc⁵³)‚
730 3098 808 3158 unde
823 3106 901 3178 patet
915 3101 1014 3181 priore
1028 3100 1104 3161 libro
1119 3121 1182 3167 non

124 3229 324 3242 m—

192 3297 234 3359 53)
248 3299 296 3350 Pro
308 3303 377 3365 vulg.
390 3297 434 3354 ὅτι
447 3301 501 3351 οοδ.
511 3297 617 3348 Vrntisl.
632 3291 711 3349 οὕτω.
735 3299 829 3351 Deinde
842 3318 875 3352 ax
887 3304 973 3353 eodem
987 3304 1042 3352 dedi
1055 3304 1181 3356 καλέεται

124 3381 168 3428 pro
182 3367 311 3419 καλεῖται.
340 3367 439 3438 Χογὴν
451 3368 550 3419 videtur
562 3373 713 3432 corruptum,
727 3370 771 3418 sed
784 3378 870 3421 cetera
883 3373 958 3420 etiam
970 3372 1071 3422 turbata
1083 3381 1143 3424 sunt
1155 3381 1181 3424 et

124 3436 273 3486 exciderunt
282 3439 399 3487 nonnulla
409 3443 467 3486 ente
483 3429 581 3485 οὐκέτι.
603 3435 640 3484 De
649 3451 677 3485 re
687 3439 813 3488 consentit
822 3439 913 3489 Herod.
924 3437 977 3501 Vll,
987 3438 1017 3488 ol
1032 3437 1179 3494 ἐκαλέοντο

124 3498 155 3550 δὲ
172 3498 260 3553 πάλαι
275 3501 331 3556 ὑπὸ
347 3504 401 3573 μὲν
415 3497 550 3567 Ἑλλήνων
569 3504 712 3572 Κηφῆνες,
734 3500 790 3556 ὑπὸ
808 3507 1020 3575 percomptos)
1032 3501 1122 3561 αὐτῶν
1134 3508 1180 3560 καὶ

123 3568 177 3621 τῶν
188 3576 340 3640 περιοίκων
353 3569 482 3642 Ἀρταῖοι.
500 3569 561 3622 ἐπεὶ
573 3569 604 3622 δὲ
617 3568 741 3640 Περσεὺς
760 3570 774 3622 ὁ
788 3570 900 3639 Δανάης
916 3590 945 3625 τε
963 3575 1007 3625 καὶ
1026 3573 1096 3633 Διὸς
1113 3572 1179 3627 ἀπί-

122 3653 184 3687 κετο
194 3636 272 3709 παρὰ
279 3641 379 3707 Κηφέα
388 3633 537 3702 τοῦΒὴλου
547 3640 593 3690 καὶ
604 3638 666 3707 ἔσχε
676 3636 760 3691 αὐτοῦ
770 3640 819 3706 τὴν
827 3643 969 3710 θυγατέρα
980 3639 1179 3713 Ἀνδρομέδην,

122 3707 230 3772 γίνεται
242 3705 317 3773 αὐτῷ
330 3703 398 3762 πάϊς
410 3707 448 3772 τῷ
462 3700 569 3775 οὕνομα
583 3706 664 3759 ἔθετο
677 3710 791 3827 [legum
802 3712 858 3761 κτλ.
880 3712 972 3761 Persae
985 3709 1082 3762 fabulas
1097 3712 1178 3764 Grae·

123 3789 205 3824 corum
218 3776 375 3840 adoptantes,
386 3776 429 3824 sed
439 3775 581 3839 antiquitati
590 3792 657 3842 sune,
671 3793 701 3826 ne
736 3793 865 3829 caecorum
876 3780 1009 3844 progenies
1020 3780 1176 3846 viderentur,

122 3844 312 3908 prospicientes,
325 3842 404 3906 ipsum
415 3843 542 3907 Perseum,
555 3845 661 3908 priorem
671 3845 748 3909 illum,
761 3846 894 3913 Assyrium
904 3844 983 3898 luisse
994 3855 1019 3898 et
1029 3849 1085 3899 inde
1097 3848 1178 3900 Grac·

122 3926 175 3960 cnm
196 3910 289 3960 factum
310 3924 367 3958 esse
385 3912 536 3973 statuebant,
550 3927 575 3962 v.
593 3912 684 3963 Herod.
699 3913 739 3977 Vl,
752 3914 797 3978 54,
814 3916 880 3964 unde
898 3916 971 3965 simul
987 3917 1056 3982 ipsos
1073 3932 1178 3981 regnum

122 3994 193 4029 suum
205 3978 236 4027 ab
249 3976 363 4042 Assyriis
375 3981 509 4045 repetiisse
525 3987 641 4045 apparct3
660 3982 723 4046 quod
740 3997 812 4046 quum
830 3990 898 4032 recte
915 3981 1008 4035 lactum
1025 3986 1059 4036 sit
1075 3987 1177 4053 copioso

121 4045 239 4113 exposuit
252 4044 362 4098 Btunius
375 4055 461 4099 noster
473 4050 498 4098 in
511 4047 638 4100 Herodoto
651 4057 678 4099 et
689 4048 775 4100 (lteris
785 4064 809 4115 p.
825 4049 873 4101 110
885 4066 940 4118 sqq.
