2558 4530
372 329 553 385 Eleusinia
573 332 772 401 disputatio
791 337 825 389 11.
1100 338 1152 393 133

97 494 131 548 ut
160 489 296 566 antiquos
322 487 539 548 Eleusiniorum
565 490 693 568 regulos
722 491 974 555 inclarescentibus
1002 496 1150 575 paullatim

96 573 187 633 sacris
208 573 375 645 Eleusiniis,
397 573 545 633 connubio
568 581 596 634 et
613 575 731 635 foedere
747 594 829 636 sacro
846 595 912 637 oum
927 579 1032 657 regulis
1048 582 1148 660 proxi-

96 659 153 717 mis
168 658 239 719 inito
256 658 399 719 civitatem
415 677 497 718 suam
514 659 648 719 firmasse
664 668 749 738 atque
766 661 957 739 amplificasse
978 672 1147 727 statuamus.

93 743 206 803 Eodem
221 744 417 804 revocandum
432 743 553 815 videtur,
576 744 654 822 quod
670 744 827 807 Salaminis
843 746 954 807 insulae
976 751 1149 811 autochtho-

85 820 162 887 'nem
181 829 387 889 administrum
402 828 513 889 Cereris
528 828 691 889 Eleusiniae
706 829 799 890 fuisse
818 832 1006 906 tradunttt),
1026 841 1054 892 et
1068 834 1146 912 quod

92 913 195 972 Celeus
215 913 269 987 ille,
294 914 375 974 cuius
401 912 521 973 nomine
541 912 631 974 totius
659 914 836 992 antiquitatis
857 916 1020 977 Eleusiniae
1045 917 1150 978 famam

93 1004 180 1076 atque
195 999 367 1058 memoriam
383 997 478 1058 solent
492 998 655 1075 complecti,
672 999 874 1076 quotidianum
890 1001 1046 1062 hominum
1063 1002 1151 1062 nobi-

91 1082 162 1142 lium
180 1089 208 1142 et
223 1082 404 1160 optimatium
421 1089 536 1142 coetum
552 1084 666 1161 primus
681 1083 845 1144 instituisse
860 1086 1032 1163 perhibetur
1043 1088 1100 1161 ²³).

178 1167 277 1245 Campi
293 1166 418 1227 Thriasii
435 1174 545 1227 tractus
561 1167 703 1239 littoralis
722 1187 809 1246 quem
826 1179 904 1230 secat
919 1171 962 1231 via
984 1188 1074 1240 sacra,
1094 1171 1151 1231 uli-

91 1252 224 1330 ginosior
241 1259 286 1311 est
306 1260 335 1312 et
354 1269 446 1330 paene
466 1251 594 1329 paluster
606 1254 669 1326 24);
688 1253 787 1330 plures
810 1255 888 1314 enim
909 1274 962 1334 per
982 1274 1048 1315 eum
1064 1255 1148 1317 rivuli

91 1337 295 1414 stagnantibus
315 1343 437 1415 propter
462 1335 537 1396 ostia
556 1336 706 1414 praeclusa
732 1338 814 1414 aquis
840 1340 988 1412 feruntur,
1018 1357 1143 1419 quorum
1164 1357 1190 1396 n

91 1423 238 1481 maximus
261 1428 306 1480 est
326 1421 496 1498 cephissus,
519 1419 600 1480 cuius
616 1422 709 1499 capita
729 1429 798 1483 sunt
821 1423 851 1482 in
871 1423 1016 1485 radicibus
1038 1425 1148 1485 montis

91 1505 275 1566 Cithaeronis
291 1524 385 1583 prope
404 1504 587 1576 Eleutheras,
604 1506 680 1564 unde
701 1505 781 1566 alveo
803 1508 873 1568 satis
894 1509 1040 1586 pleno²⁵)
1056 1528 1149 1588 usque

93 1591 129 1650 ad
145 1590 311 1650 Eleusinem
328 1588 477 1662 delabitur,
489 1588 538 1648 ubi
554 1606 627 1668 aqua
642 1589 703 1650 eius
720 1591 866 1653 canalibus
879 1594 976 1654 multis
990 1613 1042 1671 per
1050 1594 1147 1654 vineta

93 1681 180 1753 atque
210 1675 312 1734 oliveta
340 1674 449 1751 oppido
478 1674 568 1734 vicina
595 1673 771 1752 dispertitur.
822 1677 947 1739 Narrant
970 1679 1147 1740 recentiores

89 1758 332 1837 peregrinatores,
356 1778 389 1818 se
410 1775 528 1818 omnem
549 1777 694 1836 campum,
716 1759 767 1819 uhi
787 1760 822 1820 ad
843 1780 924 1822 mare
951 1763 1066 1823 declivis
1093 1770 1146 1835 est,

91 1843 215 1904 floribus
230 1843 315 1904 variis
332 1841 501 1903 distinctum
516 1842 637 1917 vidisse3
655 1844 700 1904 oui
715 1846 857 1905 notationi
867 1849 879 1886 ²
889 1848 917 1922 6)
933 1848 958 1907 si
979 1848 1146 1908 adiunxeris

157 1980 198 2043 22)
212 1980 312 2029 Hesiod.
325 1995 362 2045 ap.
375 1980 465 2030 Strabo
478 1978 523 2040 IX,
537 1996 561 2045 p.
574 1978 637 2041 3933
650 1981 736 2046 Steph.
749 1982 775 2030 B.
787 1997 812 2030 ν.
824 1985 975 2050 Κυχρεῖος;
988 1982 1103 2033 Eustath.
1115 1984 1147 2032 ad

88 2049 191 2112 Dionys.
207 2047 233 2097 P.
245 2065 269 2097 v.
283 2047 345 2109 5113
371 2047 479 2097 Meinek.
491 2048 523 2096 ad
535 2048 644 2113 Euphor.
658 2064 682 2114 p.
697 2050 737 2098 70.

157 2115 198 2176 23)
219 2115 343 2164 Plutarch.
361 2115 476 2181 Sympos.
490 2114 519 2178 Q.
533 2114 575 2177 IV,
588 2116 618 2179 4,
639 2117 649 2164 1
668 2132 724 2181 pag.
744 2115 822 2165 6071)
840 2111 958 2177 Κελεόν,
981 2109 1014 2167 ὃν
1034 2117 1147 2184 πρῶτον

89 2179 422 2265 ἱστοροῦσινὶεὐρλοκίμιων
437 2183 483 2232 καὶ
501 2178 620 2247 ἀγαθῶν
637 2180 749 2251 ἀνδρῶν
764 2178 1009 2235 κατασκευάσαντα
1025 2181 1147 2236 σύνοδον

87 2256 279 2381 καθηῇῑρίιίἒῗῖ
291 2264 433 2382 NNNNNGNN
442 2253 623 2382 5545515155ιῖ
632 2318 690 2367 both
703 2321 747 2367 ilat
765 2320 812 2367 und
825 2320 934 2383 marshy.
958 2318 1042 2368 Leahe
1057 2318 1146 2368 North.

90 2386 135 2436 Gr.
149 2385 179 2444 ll,
193 2402 217 2449 p.
231 2385 280 2433 382
293 2384 357 2433 from
369 2386 448 2462 hence
462 2385 529 2442 (inde
541 2399 555 2432 a
569 2385 683 2447 sepulcro
696 2385 830 2463 hontonis)
839 2392 874 2463 Ι1ο
887 2386 986 2435 Eleusis
1003 2387 1044 2435 the
1057 2387 1146 2465 sacred

91 2468 150 2569 ltl
163 2451 1147 2583 li{.⁸fi³¹¹ltl³l²,ll.l{lllltitillabit)dillllldltlld

92 2587 178 2652 prodit
200 2584 284 2635 fabula
306 2587 336 2634 dc
354 2586 470 2650 Neptuno
486 2599 525 2649 up.
547 2583 661 2649 Apollod.
687 2583 726 2646 lll,
750 2585 789 2647 14,
808 2586 830 2647 1,
847 2585 988 2649 Neptunum
1004 2601 1018 2634 a
1035 2586 1147 2637 Minerva

92 2660 238 2719 superatum
262 2653 361 2703 Atticae
386 2653 467 2714 littus,
490 2652 632 2701 nominatim
653 2667 763 2716 campum
788 2651 942 2713 Thriasium,
964 2654 1078 2703 fluctibus
1095 2655 1147 2705 suis

91 2723 234 2782 inundasse,
253 2736 323 2786 quam
340 2718 449 2770 fabulam
473 2721 561 2769 imitati
580 2727 638 2769 suut
649 2721 799 2782 Argivorum
817 2719 983 2783 fabulatores,
1006 2722 1092 2772 simiae
1104 2723 1147 2772 isti

89 2789 286 2847 Atheniensium,
299 2803 326 2838 v.
338 2788 413 2837 Paos.
427 2786 455 2839 ll.
469 2787 509 2850 22,
524 2789 547 2837 5.
573 2787 639 2852 Quas
652 2787 824 2837 inundationes
838 2788 942 2837 multum
960 2790 1074 2839 nocuisse
1092 2787 1145 2839 fru-

88 2859 161 2921 gibus
174 2856 251 2921 campi
264 2856 373 2905 Thriasii
386 2863 579 2905 consentaneum
593 2863 633 2904 est
646 2853 685 2916 (cf.
700 2854 773 2904 Paos.
785 2855 814 2916 ll,
827 2855 868 2918 32,
883 2857 896 2904 7
910 2857 1067 2923 deNeptuoo
1080 2858 1146 2924 Phy-

87 2925 172 2977 talmio
179 2923 375 2974 Troezeniorum
384 2939 460 2987 agros
470 2923 585 2973 immissis
595 2924 665 2987 aquis
676 2923 750 2972 salsis
760 2926 952 2989 corrumpente),
959 2927 1047 2990 quibus
1058 2933 1146 2974 contra

88 2995 209 3059 prodesse
231 3000 332 3041 austros
358 3008 389 3041 ex
408 2991 470 3041 mari
488 2994 576 3040 {lantes
591 2998 713 3041 memorat
729 2990 883 3042 Aristoteles
900 2992 1023 3043 Problem.
1048 2989 1144 3050 XXVI,

90 3062 129 3124 17,
144 3062 174 3109 de
192 3075 239 3125 quo
252 3059 308 3108 loco
326 3057 357 3109 of.
375 3059 446 3125 Sylv.
466 3060 495 3107 de
513 3059 579 3124 Sacy
597 3060 627 3107 ad
644 3059 682 3109 st.
699 3058 777 3108 Croix
793 3058 919 3126 mystbres
937 3060 993 3111 Vol.
1006 3059 1030 3123 1,
1052 3076 1075 3124 p.
1094 3059 1144 3107 455

89 3130 125 3191 [et
135 3128 154 3179 l.
168 3127 199 3178 G.
212 3127 349 3177 Schneider
361 3128 385 3177 in
398 3128 456 3176 edit.
470 3125 636 3191 Theophrasti
648 3127 704 3176 Vol.
720 3125 750 3187 ll,
762 3143 785 3192 p.
799 3129 868 3191 5119.)

156 3195 198 3258 25)
212 3195 361 3244 Pausanias:
385 3194 428 3266 ῥεῖ
441 3191 471 3244 dt
483 3191 633 3261 Κηφισσὸς
645 3189 861 3262 πρὸςἘλευσῐνι
882 3190 1042 3258 βιαιότερον
1060 3208 1146 3258 παρε-

85 3259 209 3332 χόμενος
220 3263 269 3312 τοῦ
291 3262 431 3330 προτέρου
443 3265 488 3322 (sc.
502 3262 671 3324 Atheniensis)
696 3262 792 3329 ῥεῦμα.
814 3263 853 3311 hd
866 3261 980 3326 Cephissi
992 3262 1146 3323 aliorumque

89 3333 226 3382 rivulorum
243 3331 416 3380 inundationes
432 3327 578 3379 referendus
591 3330 718 3381 Demosth.
731 3331 788 3378 adv.
801 3329 899 3378 Callicl.
923 3328 948 3392 ᾗ.
967 3327 999 3375 28
1022 3321 1143 3376 σκοπεῖτ’

91 3389 111 3448 ὦ
123 3394 223 3465 ἄνδρες
235 3395 364 3448 δικασταὶ
377 3393 483 3451 πόσους
495 3392 551 3446 ὑπὸ
568 3397 624 3447 τῶν
636 3393 746 3446 ὑδάτων
763 3394 793 3446 ἐν
810 3399 868 3450 τοῖς
880 3389 978 3473 ἀγροῖς
988 3387 1146 3458 βεβλάφθαι

91 3468 240 3535 συμβέβηκε
258 3461 291 3514 τὰ
310 3462 363 3531 μὲν
377 3462 522 3525 Ἐλευσῖνι,
539 3458 573 3513 τὰ
593 3461 621 3512 d‘
635 3461 664 3513 ἐν
681 3465 741 3516 τοῖς
763 3456 858 3516 ἄλλοις
875 3475 986 3515 sonore:
1010 3462 1144 3524 eodemque

89 3541 203 3601 spectant
215 3535 276 3582 haec
288 3548 327 3597 ap.
340 3532 433 3580 Euseb.
448 3530 538 3579 Chron.
559 3546 582 3594 p.
602 3528 630 3577 81
652 3521 794 3593 χειμάσας
807 3527 965 3587 (Hadrianus)
979 3527 1018 3582 εἰς
1027 3522 1146 3590 Ἀθήνας

88 3603 134 3652 καὶ
153 3601 273 3671 μυηθεὶς
290 3596 323 3647 τὰ
338 3593 491 3648 Ἐλευσίνια
507 3596 553 3645 καὶ
569 3591 735 3661 γεφυρώσας
749 3587 890 3644 Ἐλευσῖνα
907 3593 1145 3646 κατακλυσθεῖσαν

88 3666 145 3721 ὑπὸ
158 3666 312 3735 Κηφισσοῦ
323 3665 462 3732 ποταμοῦ,
475 3678 537 3728 quae
547 3661 655 3710 Leukiua
666 3663 848 3726 interpretatur
857 3661 887 3710 de
896 3660 1028 3723 aggeribus
1038 3664 1144 3712 torrenti

89 3740 205 3803 utrinque
219 3732 349 3800 appositis,
363 3745 465 3795 quorum
479 3745 492 3778 o
511 3744 579 3778 erum
592 3729 711 3794 reliquiae
722 3729 795 3778 etiam
808 3745 873 3777 nnnc
886 3729 976 3793 passim
987 3730 1144 3794 conspiciun-

88 3814 139 3855 tur.
155 3803 201 3867 [uf.
213 3797 324 3851 Curtium
335 3800 359 3848 iu
371 3745 514 3847 zeitschrift
525 3794 567 3846 fiir
575 3796 614 3844 die
623 3797 810 3846 Alterthumsw.
822 3795 895 3859 1845,
908 3813 931 3862 p.
943 3796 1070 3861 llll-De
1081 3798 1145 3846 omui

89 3873 189 3923 flumine
211 3868 324 3936 Cephissi
344 3865 468 3917 Eleusinii
490 3864 677 3914 accuratissime
695 3871 783 3914 auctor
804 3871 868 3914 text.
884 3865 985 3932 hotiqq.
1008 3866 1061 3916 att.
1079 3865 1143 3915 iued.

89 3957 113 4005 p.
129 3941 337 4069 llleDodwell.
349 4002 425 4053 class.
434 4008 501 4052 tour.
514 3999 533 4065 l,
549 4016 572 4066 p.
587 3999 635 4050 285
649 3999 722 4051 Alter
733 3998 848 4062 crossiug
857 4001 897 4050 the
910 4002 970 4051 road
982 4000 1062 4052 which
1074 3997 1145 4046 leudo
