2558 4530
126 368 157 422 22
479 367 519 418 lle
536 366 690 435 Aeschyli
707 367 824 419 Persia.

125 553 188 600 non
202 542 264 599 tam
279 554 295 598 a
309 535 498 616 semetipsis,
515 552 604 617 quam
619 554 635 598 a
650 535 714 610 diis,
736 554 784 598 res
800 553 904 598 omnes
919 554 953 598 ac
966 535 1095 616 singulas
1111 553 1182 615 pro-

127 621 296 686 curantibus
311 629 340 683 et
354 621 552 702 operantibus,
568 622 714 697 docerent,
732 622 776 684 vel
794 623 893 702 potius
910 622 949 683 ita
968 641 984 683 a
1004 641 1036 684 se
1055 620 1130 700 ipsis
1151 640 1183 682 ea

126 715 239 787 patrata
253 726 328 782 esse,
342 716 376 769 ut
394 707 452 787 ipsi
469 726 500 768 ea
522 724 589 770 cum
609 707 674 782 diis,
693 714 723 768 et
741 707 782 768 dii
801 727 854 787 per
874 727 906 769 se
926 707 973 768 illa
994 706 1182 768 absolverint.

127 794 235 856 Deinde
248 813 306 866 eas,
323 812 396 873 quae
411 792 519 874 mythis
533 800 672 872 tanquam
687 793 855 872 symbolicis
870 793 1027 854 involucris
1041 791 1183 853 teneban-

126 887 184 953 tur,
198 879 278 941 ideas
293 879 333 940 illi
347 896 428 940 nunc
443 878 633 940 devolvebant
647 886 734 959 atque
749 878 936 959 explicabant,
950 896 1058 957 easque
1069 877 1105 938 ad
1117 896 1184 938 om-

127 983 180 1026 nes
195 983 242 1026 res
257 964 438 1044 praeteritas,
459 969 639 1043 praesentes,
662 965 787 1038 futuras,
810 971 905 1043 gestas
930 971 1016 1043 atque
1040 964 1183 1042 gerendas

87 1071 113 1112 os
127 1051 235 1112 referre
247 1054 428 1129 spectatores
442 1050 587 1112 docebant
600 1085 642 1095 —
657 1048 787 1111 referre?
806 1049 906 1130 potius
925 1049 1004 1110 ideas
1024 1048 1095 1122 illas,
1119 1048 1183 1127 qui·

126 1136 182 1198 hus
198 1135 369 1214 gravissima
384 1153 514 1215 quaeque
528 1136 564 1196 de
578 1153 677 1198 rerum
693 1136 804 1209 ordine,
819 1136 855 1195 de
870 1136 992 1196 deorum
1004 1133 1183 1208 numinibus,

126 1221 162 1283 de
173 1220 329 1282 hominum
340 1220 558 1283 conditionibus
574 1221 807 1294 continebantur,
822 1226 960 1301 tanquam
974 1226 1117 1293 aeternas,
1131 1237 1185 1300 por

128 1323 232 1367 omnes
253 1305 360 1367 modos
380 1313 408 1366 et
426 1306 538 1369 formas
558 1307 613 1369 sihi
633 1314 779 1381 constare,
799 1306 976 1386 easdemque
996 1306 1027 1366 in
1042 1305 1183 1367 fabulosis

125 1391 181 1453 illis
192 1390 376 1469 temporibus
391 1397 420 1452 et
434 1392 522 1454 rebus
535 1393 654 1467 sanctis,
669 1393 844 1472 easdemque
856 1393 886 1453 iu
899 1391 1037 1453 omnihus
1051 1391 1184 1452 omnium

126 1484 295 1557 temporum
315 1483 345 1537 et
365 1478 569 1541 conditionum
589 1478 678 1540 rebus
700 1479 797 1540 inesse
819 1485 848 1539 et
869 1479 948 1540 cerui
963 1495 1053 1557 posse
1073 1476 1184 1539 indica-

126 1562 205 1624 bant
235 1561 369 1623 Ceterum
384 1570 513 1642 apparet,
529 1572 672 1642 quantum
686 1563 878 1644 Phrynichus,
898 1563 1069 1643 Aeschylus,
1089 1561 1184 1622 Choe-

126 1647 208 1720 rilus,
226 1646 320 1727 etqui
340 1648 427 1710 ceteri
446 1648 625 1728 ejuscemodi
648 1649 778 1709 carmina
798 1648 971 1727 pangebant,
993 1655 1136 1727 quantum
1155 1648 1185 1709 hi

128 1732 182 1794 viri
196 1731 250 1792 illis
265 1731 338 1812 ipsis
353 1733 452 1807 rebus,
468 1732 574 1813 quibus
588 1733 625 1795 ad
640 1751 706 1794 eum
723 1734 810 1793 finem
827 1732 931 1812 primis
947 1733 1111 1806 utebantur,
1132 1733 1185 1795 ad·

125 1817 303 1897 juvarentur.
333 1818 408 1879 Nam
422 1818 495 1879 bella
509 1817 626 1879 Persica
637 1834 699 1878 non
713 1818 810 1878 solum
826 1817 964 1879 omnihus
979 1818 1042 1880 Fati
1057 1827 1086 1880 et
1097 1818 1186 1879 divini

128 1901 263 1964 Numinis
278 1903 463 1965 documentis
479 1921 566 1984 quam
581 1902 707 1963 maxime
721 1902 879 1982 conspicua
891 1912 981 1977 erant,
997 1905 1185 1982 gravissima·

128 2005 185 2068 que
199 1989 234 2049 ad
251 2006 355 2049 omnes
370 1989 551 2050 Graecorum
566 1986 749 2049 conditiones
764 1995 827 2050 tum
843 1989 1031 2062 domesticas,
1047 1997 1110 2051 tum
1128 2008 1184 2070 pu-

127 2071 232 2134 blicas:
247 2073 449 2135 verumetiam
465 2073 533 2135 inde
547 2071 583 2134 ab
598 2073 657 2134 hoo
670 2073 737 2152 ipso
752 2079 887 2153 tempore
898 2075 1056 2137 maximam
1067 2075 1186 2154 religio-

127 2157 183 2231 nis,
198 2158 274 2233 fidei,
289 2158 384 2219 cultus
400 2157 498 2239 omnis
513 2157 590 2237 apud
607 2157 733 2219 Graecos
748 2158 983 2222 immutationem
998 2161 1104 2223 factam
1119 2179 1186 2222 esse

127 2242 260 2304 videmus
276 2243 361 2303 -id
377 2241 457 2320 quod
472 2243 578 2322 partim
593 2260 646 2322 per
659 2243 723 2323 ipsa
739 2243 785 2305 illa
799 2244 873 2306 bella
887 2245 1063 2318 factumest,
1078 2247 1185 2325 partim

127 2335 250 2407 propter
264 2327 332 2389 alias
348 2344 460 2400 causas,
479 2346 551 2406 quas
568 2347 722 2390 recensere
742 2347 821 2391 nunc
836 2330 957 2407 longum
977 2338 1030 2390 est.
1060 2332 1186 2392 Choerili

128 2413 257 2474 carmina
269 2411 414 2473 interiisse
425 2413 584 2476 dolendum
596 2433 667 2477 sane
678 2423 724 2477 est
732 2416 929 2487 vehementer,
941 2423 1096 2495 propterea
1106 2417 1187 2495 quod

127 2498 218 2558 multa
233 2497 298 2558 sine
313 2496 402 2558 dubio
417 2498 486 2560 inde
501 2500 536 2561 ad
551 2519 661 2564 novum
675 2502 746 2564 illud
760 2519 887 2581 poeseos
904 2518 996 2578 genus
1011 2501 1187 2564 historicum

128 2580 332 2643 illustrandum
347 2582 469 2646 derivari
484 2588 644 2664 potuerint.
673 2589 859 2665 Quamquam
875 2585 954 2646 illum
969 2594 1085 2665 poetam
1102 2586 1180 2660 inge·

128 2664 178 2723 nio
194 2683 227 2726 ac
241 2673 302 2727 arte
317 2684 420 2746 parum
434 2670 577 2732 valuissse
592 2671 779 2742 crediderim,
794 2669 845 2748 qui
859 2687 912 2747 per
930 2687 961 2731 se
980 2669 1078 2749 magni
1096 2670 1187 2731 aesti-

129 2748 253 2810 mandus
268 2751 364 2813 fuerit.
397 2754 525 2827 Accedit,
545 2756 623 2835 quod
644 2757 712 2835 pius
730 2753 777 2815 ille
798 2759 882 2832 atque
901 2755 997 2818 bonus
1017 2753 1186 2818 Herodotus

88 2855 114 2895 ov
128 2832 215 2894 nohis
231 2841 355 2910 constat,
372 2837 420 2917 qui
435 2846 465 2900 et
478 2841 542 2920 ipse
556 2840 677 2901 dimidio
688 2839 789 2918 epicos
801 2846 852 2914 est,
867 2847 896 2902 et
906 2841 1013 2910 fontes,
1031 2837 1184 2916 exquibus

127 2919 159 2980 in
174 2918 279 2981 harum
292 2939 393 2983 rernm
405 2925 591 2987 enarratione
605 2924 712 2997 hausit,
726 2921 896 3004 Dionysium
911 2924 1022 2985 scilieet
1031 2921 1183 3002 Milesium,

128 3003 303 3080 Choerilum,
322 3022 418 3087 neque
433 3026 495 3072 non
509 3012 608 3090 ipsum
622 3008 820 3090 Phrynichum
834 3016 981 3071 vetustum
1000 3015 1029 3070 et
1041 3007 1183 3073 Nostrum

129 3089 201 3150 adeo
216 3092 412 3235 praesefert,
427 3101 460 3157 ut
473 3095 513 3159 illi
526 3114 631 3159 rursus
647 3114 681 3157 ex
696 3113 731 3156 oo
746 3095 848 3158 saltem
863 3113 898 3157 ex
911 3101 995 3174 parte
1009 3096 1183 3175 recognosci

130 3191 224 3254 quean
239 3221 245 3236 .
