2558 4530
416 372 537 426 Lesbio
560 370 731 425 historico.
1087 374 1121 426 51

60 539 105 601 rel
116 540 407 620 potinsllapbemem
425 561 511 621 quem
527 541 692 602 Hellanicus
709 538 881 619 appellabat,
904 548 989 619 atque
1003 541 1123 602 Darium
1154 555 1181 596 ss

61 635 208 686 certamen
220 635 357 704 equestre
372 627 483 698 iniisse,
500 635 584 705 'iacto
601 637 632 687 ut
647 627 741 688 utrius
764 643 870 702 equus,
890 625 940 684 ubi
959 628 994 686 ad
1016 635 1124 687 metam

60 718 177 770 rentum
185 720 273 782 esset,
292 712 564 789 primumhinniret‚
581 711 606 770 ei
624 729 747 789 regnum
765 709 936 787 obtingeret.
962 710 1123 771 lambecio

60 813 127 854 cum
156 797 299 874 equisone
326 815 380 857 sno
403 797 500 857 callide
521 797 694 856 convenisse
725 803 757 854 ut
779 795 907 854 tunicam
930 796 965 854 ad
994 796 1125 872 genitalia

59 898 151 958 equae
191 881 319 941 feminae
345 881 487 942 aliricaret
516 899 637 959 eamque
662 880 739 940 fatali
755 878 803 939 illo
820 888 972 939 momento
989 881 1023 940 ad
1040 897 1125 940 nares

59 964 128 1041 equi
154 963 331 1026 admoveret.
362 966 403 1026 lta
418 966 528 1027 factum
558 985 624 1026 esse
654 973 686 1026 ut
714 965 819 1025 Darius
850 981 942 1041 regno
973 964 1125 1042 potiretur.

58 1048 131 1108 Aliis
157 1048 241 1109 aliter
261 1069 321 1110 rem
348 1051 470 1112 narrari.
492 1085 535 1095 -
549 1050 590 1110 He
610 1051 690 1111 bellis
712 1052 852 1109 adversus
879 1050 1007 1108 Graecos
1035 1049 1125 1127 gestis

57 1133 259 1194 testimonium
279 1134 417 1196 Hellanici
448 1143 548 1196 contra
570 1135 752 1196 Herodotum
775 1133 851 1201 Vlll,
874 1134 915 1193 46
937 1133 1125 1194 adhibetura

56 1218 214 1279 Plutarcho
230 1219 265 1279 de
281 1220 389 1281 Herod.
410 1221 527 1298 malign.
552 1239 576 1280 c.
593 1220 642 1286 36.
669 1219 814 1279 malitiose
834 1218 1016 1278 Herodotum
1040 1235 1126 1295 agere

57 1305 251 1363 contendente
267 1306 347 1381 quod
364 1307 400 1365 de
416 1305 574 1365 Nouiorum
592 1304 756 1364 defectione
770 1303 913 1374 retulerit,
930 1321 1019 1380 quum
1042 1301 1125 1362 Naxii

56 1393 133 1447 teste
159 1388 307 1448 Hellanico
334 1407 386 1448 sex
420 1389 560 1458 navibus,
595 1389 717 1467 Ephoro
746 1395 819 1446 teste
848 1387 977 1465 quinque
1002 1388 1125 1448 naribus

57 1479 167 1549 sponte
183 1472 301 1532 Graecis
317 1472 423 1533 auxilio
438 1473 579 1532 venerint.

238 1678 286 1739 ΙΙΙ.
333 1677 533 1740 SCRIPTA
560 1678 942 1741 CHRONOLOGICA.

300 1812 322 1847 a.
353 1798 548 1848 Sacerdotes
573 1797 701 1848 lunonis
727 1799 874 1861 Argivae.

143 1898 226 1977 Opus
242 1899 386 1972 omnium,
402 1900 427 1961 si
443 1900 597 1963 historiam
614 1901 684 1962 artis
702 1902 860 1962 historicae
875 1900 1026 1979 respicias,
1042 1899 1124 1960 facile

57 1983 352 2063 gravissimumque
374 1994 481 2046 certam
503 1993 671 2064 temporum
695 1986 963 2063 computandorum
979 1984 1122 2044 rationem

57 2077 181 2137 conatus
197 2079 242 2129 est
257 2070 435 2144 Hellanicus,
457 2089 531 2149 quae
548 2073 615 2131 licet
634 2071 804 2150 imperfecta
820 2069 921 2140 fuerit,
945 2076 1044 2128 tamen
1060 2086 1124 2128 eam

57 2154 172 2214 laudem
190 2154 245 2214 sibi
262 2154 407 2215 vindicare
423 2157 536 2233 optimo
557 2157 620 2216 iure
635 2163 742 2234 potest,
764 2173 837 2234 quae
858 2153 951 2232 prima
968 2152 1125 2214 inertibus

58 2239 225 2318 quibusque
237 2239 468 2317 periclitantibus
483 2242 733 2319 fundamentoque
744 2240 936 2309 struentibus,
954 2238 1059 2317 quibus
1076 2256 1126 2297 ce·

57 2323 114 2382 teri
129 2325 164 2383 ad
181 2324 291 2383 maiora
307 2324 465 2389 enitantur.
482 2326 557 2384 solet
572 2325 607 2384 ab
624 2326 761 2383 omnihus
777 2324 886 2384 haberi.

146 2407 315 2484 Appellatur
329 2409 388 2466 hoc
404 2426 481 2484 opus
496 2427 511 2466 a
528 2409 722 2467 Constantino
738 2408 922 2485 l'orphyrog.
938 2409 1041 2467 Them.
1054 2406 1089 2478 ll,
1106 2406 1125 2465 2

56 2481 191 2568 Ἶέρειαι
220 2482 255 2549 αὶ
278 2483 312 2550 ἐν
331 2482 462 2568 Ἄργει,
490 2509 506 2549 a
535 2491 683 2568 plerisque
703 2483 836 2569 Ἱέρειαι
862 2493 922 2570 τῆς
949 2484 1056 2567 Ἥρας
1084 2491 1127 2550 vel

58 2564 296 2652 nude‘Ie'perotr.
337 2574 529 2635 Recentiores
552 2575 628 2634 idem
650 2575 746 2634 dicere
766 2574 863 2634 solent
880 2565 1061 2653 Ἡρεσίὁες,
1077 2593 1126 2633 ve-

59 2677 132 2718 reor
146 2664 180 2717 ut
194 2667 288 2729 recte,
303 2675 371 2718 nam
388 2677 476 2719 nemo
494 2661 682 2735 antiquorum
704 2659 763 2720 boc
782 2659 903 2719 nomine
918 2660 1018 2732 utitur,
1033 2677 1128 2738 neque

59 2743 183 2803 omnino
199 2743 263 2802 illae
279 2743 457 2814 sacerdotes,
474 2744 509 2802 de
525 2744 631 2821 quibus
647 2745 767 2824 scripsit
781 2744 954 2817 Hellanicus,
967 2744 1010 2805 sic
1024 2745 1125 2824 appel·
1153 2763 1179 2804 ss

57 2829 131 2888 latae
147 2847 212 2888 esse
228 2828 371 2899 ridentur,
388 2829 440 2888 sed
455 2828 530 2889 aliud
546 2829 707 2908 puellarum
725 2829 991 2908 sacerdotiumw).

58 3002 158 3046 σαντες
169 2990 333 3058 ἐλευθέρους
345 2991 460 3051 ἑαυτοὺς
472 2994 541 3047 εἶναι
552 2994 736 3062 βουλεύεσθαι
746 2999 792 3048 καὶ
802 2992 872 3065 μήτε
884 2992 981 3065 ἄρχειν
989 2993 1060 3065 μήτε
1073 2990 1126 3060 ἅρ-

15 3104 17 3107 .
52 3065 161 3128 χεσθαι
173 3061 219 3109 καὶ
232 3058 387 3114 ἀπολαύειν
399 3063 456 3114 τῶν
467 3065 516 3128 τῆς
527 3059 614 3131 ἀρχῆς
626 3063 734 3117 δεινῶν.
771 3067 892 3115 Similiter
909 3069 1004 3115 titanes
1021 3081 1059 3129 ep.
1074 3064 1124 3113 He-

58 3129 113 3177 rod.
127 3125 173 3189 lll,
186 3129 218 3178 83
243 3123 305 3180 οὕτε
319 3126 373 3199 γὰρ
386 3127 483 3198 ἄρχειν
495 3127 558 3183 οὔτε
572 3129 711 3199 ἄρχεσθαι
731 3133 828 3194 ἐθέλω,
842 3141 868 3183 et
885 3140 954 3198 petet
971 3133 1125 3182 Herodotum

57 3197 203 3261 praeclarus
221 3197 277 3247 illus
292 3201 420 3248 orationes
434 3216 481 3248 non
496 3217 527 3249 en
543 3203 619 3249 nihilo
634 3202 753 3258 linxisse,
774 3204 817 3249 sed
831 3201 989 3249 rumusculos
1006 3200 1126 3281 quosdam

58 3278 88 3312 es
105 3264 136 3311 de
155 3267 340 3316 consultatione
357 3283 460 3332 sparsos
473 3266 564 3328 luisse,
582 3267 614 3318 cl.
628 3272 660 3318 ab
678 3270 722 3318 καὶ
740 3268 897 3333 ἐλέχθησαν
914 3264 995 3334 λόγοι
1008 3263 1126 3317 αἰιιστοι

57 3328 111 3397 μὲν
123 3329 223 3381 ἐνίοισι
235 3329 370 3397 Ἑλλήνων
390 3336 543 3399 (quibuscum
560 3334 678 3384 inirriliari
696 3351 812 3383 sermone
827 3352 855 3383 ea
869 3337 900 3384 de
918 3352 945 3383 re
959 3341 1125 3384 conversatus

59 3401 134 3457 croti,
147 3397 304 3464 ἐλέχθησαν
317 3393 398 3458 (λ’ὦν,
413 3404 448 3464 let
462 3402 504 3464 Vl,
517 3403 558 3462 43,
573 3402 695 3453 ἓνθαῦια
707 3404 843 3469 μέγιστον
856 3403 958 3469 θῶυμα
971 3400 1038 3469 ἐρέω
1051 3404 1126 3450 τοῖσι

57 3459 98 3532 μὴ
116 3461 356 3535 ἀποδεκομένοισι
372 3465 520 3530 Ἑλλήνων,
546 3471 678 3534 Περσέων
696 3471 769 3515 τοῖσι
793 3467 864 3516 ἑπτὰ
878 3465 994 3519 Ὀτάνεα
1011 3464 1126 3535 γνώμην

57 3526 265 3651 guodltdpquqe,
273 3532 315 3651 gip
323 3533 416 3606 χρεὼν
429 3540 470 3599 εἴη
485 3535 729 3603 δημοκρατέεσθαι
741 3535 872 3600 Πέρσας].
885 3562 919 3572 -
928 3536 965 3585 De
976 3536 1079 3600 reliquis
1092 3533 1123 3585 cl.

82 3616 125 3649 ero
147 3640 152 3649 .
199 3604 249 3658 ,δ’
309 3640 315 3652 .

127 3669 169 3724 oui
185 3641 292 3735 Hesybh.
303 3665 449 3736 Ἡρεσίιλες
462 3667 564 3734 κόραι
577 3670 607 3718 αἱ
619 3663 719 3737 λουτρὰ
730 3669 896 3737 κομίζουσαι
909 3670 941 3738 τῇ
960 3668 1043 3736 Ἤρᾳ.
1063 3668 1124 3720 lnde

33 3734 36 3740 ’
57 3735 213 3785 iudicandum
228 3740 258 3786 de
272 3738 356 3803 Etym.
372 3738 404 3788 Μ.
419 3755 439 3787 s.
453 3754 477 3786 v.
489 3735 640 3804 Ἡρεσίιλις,
655 3739 684 3786 αἱ
698 3738 795 3803 ἱέρειαι
808 3739 853 3799 της
870 3736 899 3788 ἓν
914 3733 1004 3805 Ἄργει
1024 3734 1121 3806 Ἥρας,

57 3797 116 3852 ἀπὸ
130 3805 178 3866 της
194 3800 290 3871 Ἥρας.
321 3807 393 3855 Adde
407 3806 513 3871 Hesych.
528 3824 551 3857 v.
569 3804 725 3869 Άιλησίθες,
748 3807 848 3871 ἱέρειαί
867 3822 957 3862 τινες
979 3804 1008 3857 έν
1031 3800 1123 3873 ’Ἀργει

57 3865 152 3936 ἆδυιῴ
166 3873 231 3937 ναηλ,
251 3874 291 3921 ubi
306 3873 447 3922 Hemsterb.
462 3875 537 3923 scrib.
551 3891 573 3925 c.
589 3872 740 3940 Ἀρέσιιλες,
759 3876 822 3937 quod
839 3875 967 3938 adoptavit
986 3874 1046 3924 Lob.
1064 3875 1121 3933 apr.

57 3953 82 4004 p.
95 3939 154 3988 817.
179 3941 214 3988 Hc
228 3942 366 4002 virginibus
379 3938 582 4009 lovrpoqdporc
595 3959 618 3990 v.
633 3943 728 3991 Gallim.
746 3943 770 3990 in
787 3942 837 3991 lev.
851 3942 961 3992 Palladis
982 3932 1013 4005 (ὦ
1026 3944 1122 4010 accipies,

58 4008 231 4074 παρθενικαὶ
244 4007 414 4070 caldecote.)
428 4025 450 4059 c.
464 4017 527 4059 nott.
541 4010 691 4074 Spunbernii.

870 4093 904 4142 μ
