2558 4530
200 401 252 453 110
583 398 630 449 De
654 394 871 462 Praxiphone

200 557 236 616 de
251 554 389 655 operibus
405 562 433 615 et
448 555 564 614 diebus:
582 544 634 612 ὅτι
657 547 695 612 δέ
715 546 754 612 τδ
774 542 967 653 προοίμιόν
965 570 1053 625 τινες
1069 546 1254 654 διέγραψαν,

200 632 311 718 ὡσπερ
339 630 434 699 άλλοι
462 659 497 698 τε
524 634 582 699 καὶ
598 628 824 739 Ἀρίσταρχος
854 626 967 713 ἀβελίζ
967 656 1011 695 ων
1033 631 1113 709 τοὺς
1135 629 1256 714 στίχους

198 745 255 784 και
247 716 533 823 Πραξιφάνης
516 744 534 784 o
555 719 613 783 τοῦ
635 716 856 824 Θεοφράστου
870 715 1034 822 μαθητής,
1057 715 1147 805 μηδέ
1168 719 1255 782 τοῦτο

199 802 318 904 ἀγνοῶΙ
306 829 373 886 μεν.
408 828 505 880 ουτος
525 804 639 909 μέντοι
660 803 719 867 καὶ
734 799 872 881 ἐντυχεῖν
886 800 987 908 φησὶν
1001 797 1254 887 ἀπροοιμιάστφ

196 915 243 977 rep
229 886 388 995 ’βιβλίῳ
411 888 469 952 καὶ
492 883 658 994 ἀρχομένην
673 886 773 986 χωρὶς
787 910 892 993 της
860 884 1066 993 ἐπικλήσεως
1080 894 1151 951 τῶν
1165 893 1255 952 Mov-

198 997 263 1040 osor
292 973 456 1051 έντευθεν,
483 968 587 1038 Ουκ’
574 996 639 1057 αρα
660 994 778 1054 μουνον
800 995 854 1058 την
873 967 993 1071 έριδφν
1016 972 1117 1055 γένος.
1164 976 1254 1036 Deerat

197 1063 384 1142 prooemium
409 1061 478 1121 illud
504 1080 627 1140 operum
654 1067 683 1120 et
706 1060 870 1120 dierumt
842 1060 928 1119 etiam
953 1060 983 1118 in
1010 1061 1147 1139 exemplo
1169 1080 1252 1131 sacro,

197 1148 275 1227 quod
296 1146 525 1207 asservabatur
517 1164 548 1205 in
569 1145 690 1207 delubro
706 1146 878 1205 Musarum
870 1162 901 1203 in
917 1152 1018 1205 monte
1033 1145 1192 1216 Helicone,
1211 1166 1252 1205 au-

197 1241 290 1333 ctpre
293 1232 436 1291 Pausania
450 1230 503 1301 lX,
521 1230 571 1302 31,
589 1227 783 1290 4Βοιαντῶν
807 1220 896 1290 δε
867 1224 1018 1331 consol
1024 1226 1083 1291 τάν
1103 1222 1253 1292 Ἑλικῶνα

153 1338 179 1378 25
199 1310 362 1388 οἰκοῦντες
384 1309 631 1417 παρειλημμένη
656 1307 738 1414 δόξη
758 1306 961 1416 λέγουσιν(
936 1335 980 1387 ως
1002 1305 1084 1375 ἀλλο
1104 1308 1253 1388 Ησίοδος

197 1397 342 1502 ποιήσαι
367 1391 498 1496 ουδένη
518 1397 560 1460 τά
582 1392 660 1502 ἔργα
682 1395 739 1459 καὶ
761 1394 886 1460 τούτων
908 1393 945 1458 δέ
966 1395 1006 1460 τά
1028 1393 1064 1472 ές
1084 1395 1148 1502 τάς
1163 1395 1252 1460 Mos·-

197 1505 258 1560 σας
285 1478 471 1588 ἀφαιροῦσι
498 1479 689 1587 προοίμιον,
718 1476 818 1585 ἀρχην
839 1480 897 1566 τῆς
918 1477 1089 1584 ποιήσεως
1114 1504 1200 1545 ειναι
1219 1478 1251 1544 cd

195 1563 229 1670 ξς
258 1569 318 1642 τάς
341 1563 480 1668 ’Ἔριδας
512 1564 674 1649 λέγοντες,
702 1588 760 1628 και
791 1589 850 1647 μοι
880 1562 1044 1670 μόλιβδον
1070 1561 1251 1630 ἐδείκνυσαν

197 1645 327 1755 έΙδφ(
307 1675 325 1735 η
356 1648 540 1753 πηγή,τά
556 1646 711 1753 molid,
693 1649 760 1713 υπδ
787 1655 848 1713 τοῦ
869 1646 984 1730 χρόνου
1007 1647 1249 1732 λελυμασμένον,

197 1732 417 1817 ἐγγέγραπται
435 1683 477 1796 δε
499 1728 589 1818 αάτφ
610 1734 651 1798 τά
667 1729 754 1819 ἔργα
782 1739 853 1798 lnde
872 1738 957 1797 etiam
974 1738 1177 1816 Praxiphanes
1192 1757 1249 1799 sen-

196 1823 316 1882 tentiam
333 1841 416 1881 suam
434 1821 668 1897 εΙεΙΙΙΙΙνετΙΙΙΙΙ.

281 1907 340 1967 Vll.
367 1907 463 1967 Schol.
478 1907 569 1986 Sopli
582 1907 653 1968 Oed.
668 1907 727 1967 Col.
740 1927 765 1966 v.
779 1906 840 1967 900
854 1898 1047 1968 σπεύδειν
1027 1903 1098 1968 απδ
1114 1905 1249 2008 ῥυτῆρος,

196 1983 270 2053 ἀντὶ
296 1995 356 2053 τοῦ
381 1987 532 2074 βλαύτης.
561 1995 626 2052 τῶν
655 1987 692 2052 δέ
719 1982 1014 2094 ἐξηγησαμένων
993 1986 1154 2095 απάντιογ
1181 1985 1249 2052 adad

195 2073 411 2180 Πραξιφάνης
443 2068 577 2136 δοκεῖ’Ι
556 2098 589 2154 οη
591 2096 686 2144 ιεινον
716 2067 970 2137 ἀποδιδόναι’
949 2071 1075 2138 ακοάιον
1100 2073 1141 2137 τδ
1170 2069 1250 2137 ὑπό-

195 2158 249 2263 δηΙ
250 2182 293 2263 ιη,
318 2150 473 2222 οἷοντῶν
495 2157 609 2220 ποδῶν
630 2181 669 2221 το
662 2155 795 2238 κάλυμ
787 2181 852 2238 ι.μα
876 2162 908 2221 ln
924 2162 976 2221 lls
989 2162 1188 2223 Laurentiano
1202 2179 1249 2240 pro

196 2238 292 2314 αάτά,
314 2245 391 2323 quod
418 2264 450 2304 ex
478 2245 604 2305 editione
623 2246 823 2306 Romanat
778 2246 898 2306 retinuit
885 2246 1069 2317 tGaisford,
1091 2246 1247 2307 auctoreP.

193 2330 392 2389 Elmsleiot
348 2338 392 2389 est
408 2321 514 2405 αάτόν,
531 2330 608 2389 unde
623 2331 772 2408 profectus
786 2330 948 2390 Schoellius
962 2331 1066 2392 Gesoh
1080 2332 1134 2392 der
1146 2331 1247 2393 Griech.

193 2414 321 2487 Litterl,
334 2434 363 2492 p
371 2415 429 2474 241
449 2415 569 2493 scripsit
556 2416 665 2476 t:haec
679 2416 828 2495 Didymus,
841 2415 1030 2494 Horapollon,
1042 2416 1246 2495 Aristophanes

193 2518 251 2560 von
263 2501 383 2580 Byzanz,
394 2501 559 2560 Androtion
574 2501 676 2560 und
651 2518 698 2560 em
714 2501 852 2577 gewisser
863 2500 1060 2578 Praxiplranes
1077 2501 1176 2562 haben
1189 2501 1247 2561 dher

192 2586 354 2664 Sophocles
375 2585 580 2645 Commentare
607 2584 804 2686 geschrieben
841 2585 864 2644 F
855 2605 902 2685 go
929 2593 1052 2663 propter
1075 2587 1246 2680 positionem

193 2670 400 2729 vocabulorum
428 2669 612 2746 praetulerim
639 2661 731 2741 αὐτό,
755 2688 822 2729 nam
850 2660 949 2730 αάτδν
972 2670 1163 2748 requisiveris
1188 2675 1247 2749 post

193 2747 452 2834 ἒηξηγνσαμένων,
485 2759 563 2828 patet
592 2762 689 2813 autem
716 2746 807 2826 αὐτό,
835 2773 875 2813 sc.
906 2754 1080 2815 vocabulum
1108 2757 1245 2838 ῥυτῆρος,

193 2836 428 2913 coniungendum
460 2855 525 2895 esse
553 2854 619 2896 cum
648 2857 718 2898 voce
746 2829 964 2899 ἀποδιδόναιτ
996 2846 1030 2899 ut
1056 2839 1245 2934 fragmentum

193 2921 283 2980 hocce
313 2939 346 2979 ac
372 2937 499 2996 sequens
525 2922 624 2997 potius
652 2922 686 2981 ad
714 2942 790 3001 opus
817 2923 933 3001 aliquod
960 2925 995 2984 de
1022 2923 1133 3000 glossis
1160 2924 1245 2986 vario·

192 3022 257 3063 rum
283 3011 353 3080 poet
354 3022 436 3063 arum
463 3005 571 3064 editum
599 3007 783 3083 pertinuerit,
805 3007 910 3086 quihus
931 3007 1111 3086 explicandis
1134 3009 1246 3070 multam

149 3108 174 3148 τε
195 3106 316 3165 operam
335 3089 545 3165 impendebant
563 3090 742 3168 antiquiores
757 3093 952 3169 grammatici,
973 3112 999 3151 v.
1015 3092 1110 3154 Lehrs
1127 3095 1164 3154 de
1178 3091 1245 3153 stud

192 3173 279 3233 Arist.
260 3181 324 3250 t.p
343 3173 383 3233 43
400 3193 442 3252 sq
472 3175 515 3233 Ad
531 3194 593 3235 rem
610 3176 688 3254 quod
704 3176 806 3237 attinet
821 3177 856 3236 cl.
873 3177 954 3237 Suid.
971 3196 996 3237 v.
1012 3172 1148 3262 βλαύτη,
1166 3165 1246 3247 εἶδος

191 3249 413 3388 υποδήματος.
451 3256 636 3343 Σοφοκλῆς·
661 3252 856 3321 σπειδειν’
835 3281 905 3322 οπο
897 3257 1066 3344 ῥυτῆρος,
1086 3257 1245 3338 τουτέστιν

252 3382 299 3486 33Ι
309 3380 416 3475 nitsehl
432 3428 463 3476 de
479 3429 618 3490 Agathonis
636 3429 689 3478 vita
709 3445 733 3494 p
746 3429 785 3477 2
779 3446 802 3478 in
821 3430 990 3508 disputatione
1008 3429 1052 3479 illa
1070 3431 1101 3479 do
1119 3430 1242 3487 Archelao,

190 3507 261 3556 quum
279 3508 390 3558 suprap.
405 3495 539 3557 nociogi,
557 3497 587 3545 de
606 3497 896 3561 hocloeosicscripsit:
916 3496 1153 3561 „Quodautemex
1165 3496 1244 3548 Praxi·

190 3560 277 3623 phanis
293 3562 336 3610 illo
354 3563 418 3627 περὶ
437 3563 562 3626 ποιητῶν
579 3564 643 3612 libro
662 3564 829 3627 alliogenel.
843 3581 864 3613 c.
878 3573 1069 3615 commemorato
1083 3574 1184 3632 sumpta
1196 3577 1244 3615 esso

190 3627 338 3677 Harlesius
333 3646 356 3677 m
369 3629 444 3678 Febr
458 3631 520 3679 Bibl.
535 3630 580 3680 Gr
593 3630 626 3681 ΙΙΙ
626 3647 668 3695 ,p
684 3632 732 3680 503
746 3639 817 3696 putat
829 3647 857 3680 ee
861 3648 943 3696 quae
956 3649 988 3681 ex
1002 3632 1162 3698 Pramphane
1172 3633 1246 3684 Theo

191 3696 285 3755 phrasti
307 3697 427 3761 discipulo
448 3699 478 3746 nd
500 3699 602 3748 Hesiodi
621 3669 667 3762 dp.
685 3699 758 3748 etl).
777 3701 831 3748 init.
848 3699 923 3749 affert
940 3700 1024 3749 loann.
1044 3700 1184 3767 Tzetza(p
1187 3702 1246 3750 otius

190 3761 320 3822 Proculus,
334 3779 357 3812 v.
372 3764 457 3813 Ronle
471 3766 501 3814 de
515 3766 618 3814 Hesiodi
632 3767 678 3831 Op.
692 3768 760 3818 etl)
775 3783 861 3817 comm.
875 3784 898 3832 p
913 3769 928 3816 4
941 3772 998 3833 sq)
1010 3769 1034 3817 id
1049 3769 1148 3818 confido
1162 3767 1247 3818 nemini

190 3828 339 3890 probatum
333 3831 363 3878 iri
369 3832 433 3894 ,qui
447 3848 500 3880 eum
514 3833 625 3882 Tzetzae
637 3837 764 3884 annotatis
777 3836 896 3897 lliogenis
909 3836 987 3885 verbo
1000 3837 1138 3898 diligenter·
1150 3843 1248 3886 conton-

191 3894 282 3944 derit.“
305 3897 424 3957 llrogenis
437 3900 513 3948 verbo
532 3907 590 3949 sunt
607 3915 718 3965 suprop.
735 3903 764 3951 15
778 3905 913 3968 exscripta
948 3904 1068 3967 Equidem
1082 3904 1248 3954 testiinonium

191 3961 252 4010 illud
269 3963 299 4010 de
317 3967 444 4027 prooemio
458 3967 503 4031 op
518 3968 587 4016 etl)
600 3983 631 4016 ex
646 3968 743 4030 dialogo
757 3971 787 4018 de
800 3972 882 4034 poetis
895 3978 1002 4020 sumtum
1014 3986 1072 4021 esse
1086 3987 1168 4036 noque
1181 3969 1248 4022 affir-

190 4030 308 4078 maverim
322 4046 399 4095 neque
410 4040 490 4082 tamen
504 4041 553 4082 tarn
565 4032 706 4098 praefracte
719 4038 872 4098 negaverim.
