2558 4530
180 358 211 407 32
437 361 440 367 ’
597 354 638 404 Dc
657 352 821 405 Hellanico

180 543 253 605 quae
271 523 406 602 leguntur
425 522 501 600 apud
521 521 705 583 Damascium
725 520 761 581 de
780 516 932 599 principiis
951 536 981 598 p.
997 515 1056 578 381
1081 516 1193 597 llopp.:
1216 507 1234 602 ἡ

181 604 218 671 δὲ
240 605 323 671 κατὰ
344 603 401 670 τὸν
420 596 611 690 Ἱερώνυμον
637 600 859 690 φερομένηῑῖ)
888 594 1153 665 καΙἝλλάνικον
1181 605 1234 681 (sc.

180 686 399 776 κασμαγονία),
423 684 518 774 εἴπερ
540 688 584 775 μὴ
607 681 707 753 καὶὸ
731 682 887 767 caedem)
910 683 1010 766 ἔστιν,
1034 679 1138 762 οὕτως
1159 678 1234 767 ἔχει·

178 774 265 862 ὕδωρ
295 768 333 857 ³21,
357 771 467 865 φησίν,
493 771 529 853 ἐξ
550 769 649 861 ἀρχῆς
671 770 728 837 καὶ
750 768 809 859 ὕλη
833 774 961 855 (Lohech
976 774 1118 852 Aglaoph.
1135 791 1166 853 p.
1177 773 1235 836 484

180 866 255 929 coni.
276 801 368 943 dea),
391 859 428 939 ἐξ
447 853 487 948 ἧς
509 857 617 946 ἐπάγη
640 853 660 946 ἦ
685 857 724 944 γῆ
745 857 824 939 acl,
850 866 937 940 quem
957 866 1037 942 patet
1054 877 1117 920 non
1138 861 1235 940 ipsum

177 951 356 1013 Hellanicum
370 956 511 1010 tractasse
526 948 578 1009 sed
596 965 707 1008 nomen
722 947 783 1009 eius
804 967 839 1008 ex
853 946 1032 1027 Hieronymo
1051 946 1235 1025 apposuisse.

264 1036 403 1115 Sequitur
416 1042 450 1096 ut
465 1036 499 1096 de
514 1034 548 1094 iis
564 1033 680 1114 scriptis
697 1032 802 1107 dicam,
824 1033 859 1094 de
879 1031 984 1112 quihus
1004 1032 1090 1092 certis
1109 1031 1235 1111 inscrip-

178 1122 309 1184 tionibus
333 1127 458 1195 constat,
484 1119 503 1180 i.
524 1139 547 1181 e.
574 1119 610 1179 de
634 1119 833 1193 Deucalionea,
859 1117 1039 1191 Phoronide,
1065 1116 1234 1188 Atlantiade,

180 1207 305 1280 Troicis,
325 1225 399 1286 quae
415 1205 521 1265 dixeris
536 1205 581 1264 vel
596 1223 656 1266 uno
673 1204 835 1284 eodemque
851 1222 990 1283 corpore,
1005 1202 1049 1263 vel
1072 1210 1149 1264 certa
1166 1221 1235 1264 con-

180 1292 330 1353 secutione
344 1291 419 1352 edita
430 1290 530 1364 fuisse,
545 1299 576 1351 ut
587 1290 658 1352 alter
669 1289 740 1351 liber
751 1291 871 1351 alterum
884 1290 1028 1369 exciperet
1040 1307 1135 1367 eoque
1147 1289 1234 1350 modo

180 1377 259 1439 orbis
275 1377 391 1458 quidam
406 1376 542 1437 fabularis
560 1376 619 1436 sive
632 1376 727 1456 cyclus
739 1376 840 1456 epicus
853 1380 1089 1456 componeretur,
1104 1374 1237 1436 similiter

178 1470 264 1545 atque
278 1464 387 1525 lactum
403 1470 448 1524 est
462 1461 539 1543 apud
555 1461 776 1542 Apollodorum.

140 1634 166 1672 12
581 1630 604 1665 a.
624 1615 841 1666 Deucalioneas.

266 1719 397 1781 Citantur
412 1719 469 1780 duo
489 1718 563 1794 libri,
585 1718 660 1781 sicut
679 1737 784 1779 omnes
806 1718 842 1778 de
859 1717 982 1779 historia
1001 1715 1135 1779 fabulosa
1154 1735 1235 1778 com-

180 1806 312 1866 mentarii
328 1804 492 1885 bipartitam
508 1805 636 1866 duorum
650 1803 793 1866 librorum
809 1803 983 1867 divisionem
1000 1803 1093 1865 secuti
1113 1821 1179 1864 esse
1195 1803 1236 1863 vi-

180 1890 293 1955 dentur.
324 1892 404 1964 Quae
419 1910 453 1952 ex
473 1891 572 1970 priore
590 1889 757 1960 laudantur,
778 1895 912 1970 spectant
930 1896 1027 1951 ortum
1047 1888 1160 1968 generis
1181 1889 1236 1949 hu·

179 1977 258 2039 mani
284 1984 313 2039 et
330 1978 389 2038 fata
408 1976 591 2039 Deucalionis
611 1983 698 2055 atque
716 1975 945 2038 Deucalidarum.
987 1975 1170 2036 Deucalionis
1190 1974 1235 2035 hi-

179 2064 270 2125 storia
290 2063 424 2124 similiter
443 2070 528 2142 atque
547 2061 624 2140 apud
648 2061 859 2141 Apollodorum
883 2059 1070 2132 narrabatur,
1093 2080 1119 2121 v.
1138 2059 1234 2121 Schol.

179 2149 314 2227 Apollon.
335 2148 430 2209 Rhod.
447 2149 502 2220 ΙΙΙ,
525 2147 605 2208 1085
627 2154 655 2206 et
681 2146 762 2208 1086
785 2138 838 2208 ὅτι
866 2140 903 2208 δὲ
929 2141 1141 2230 Προμηθέως
1166 2136 1237 2218 vide

179 2225 372 2295 Δευκαλίων
393 2225 588 2313 ἐβασίλευσε
617 2224 815 2310 Θεσσαλίας,
838 2225 1028 2305 Ἑλλάνικος
1055 2224 1088 2291 ἐν
1114 2225 1236 2314 πρώτῳ

178 2315 236 2402 τῆς
257 2310 523 2391 Δευκαλιωνείας
550 2309 665 2400 φησίν,
693 2313 751 2379 καὶ
774 2312 827 2379 ὅτι
855 2311 985 2379 δώδεκα
1011 2319 1101 2379 θεῶν
1123 2312 1236 2396 βωμὸν

182 2405 248 2480 [var.
264 2404 327 2466 lect.
343 2405 471 2466 fortasse
495 2403 599 2463 melior
617 2399 757 2484 βωμοὺς]
783 2394 954 2487 ἱδρύσατο,
984 2403 1047 2464 coll.
1067 2403 1202 2481 Apollod.
1217 2401 1236 2473 1,

180 2489 207 2563 7,
225 2492 253 2552 2.
284 2491 395 2552 Eodem
413 2488 533 2550 traxeris
549 2508 623 2569 quae
642 2498 797 2553 narrantur
816 2490 892 2568 apud
909 2486 1069 2567 losephum
1084 2487 1236 2549 Archaeol.

178 2575 205 2649 l,
221 2577 240 2636 4
259 2567 421 2650 Ἡσίοδός
442 2595 478 2636 τε
498 2570 556 2636 καὶ
574 2567 748 2648 Ἑκαταῖος
767 2568 825 2634 καὶ
842 2567 1031 2647 Ἑλλάνικος
1045 2567 1104 2633 καὶ
1122 2565 1236 2635 Ἀκου-

180 2652 296 2733 σίλαος
316 2697 359 2703 -
386 2652 550 2744 ἱστοροῦσι
577 2656 654 2732 τοὺς
684 2651 841 2740 ἀρχαίους
868 2652 1027 2742 ζήσαντας
1053 2650 1107 2740 ἔτη
1135 2651 1237 2736 χίλια,

179 2759 248 2801 nam
264 2744 396 2803 solebant
409 2744 482 2805 haec
497 2752 525 2806 et
538 2761 645 2824 genera
660 2741 706 2802 illa
721 2743 865 2805 Hesiodea
881 2745 910 2805 in
924 2742 1012 2805 rebus
1026 2744 1195 2805 Promethei
1212 2751 1239 2804 et

181 2825 363 2887 Deucalionis
385 2830 525 2906 expromi.
566 2826 676 2888 Exinde
700 2828 871 2891 narrabatur
890 2829 925 2890 de
945 2829 1049 2891 diluvio
1074 2828 1238 2910 primisque

181 3013 256 3063 credo
270 3013 343 3062 etiam
356 3013 423 3063 ultra
440 3013 570 3064 Hellanici.
592 3009 639 3076 [Cl.
654 3013 718 3064 Bitho
736 3015 760 3065 iu
777 3017 859 3066 annal.
877 3015 1034 3080 Heidelberg.
1050 3014 1123 3080 1841,
1141 3031 1165 3080 p.
1179 3014 1238 3080 727,

181 3082 221 3148 qui
235 3080 335 3131 Hesiod.
348 3083 430 3143 theog.
446 3081 493 3130 113
507 3076 696 3148 (πολύπτυχος
707 3075 840 3152 didymos)
854 3085 946 3148 affert]

252 3144 616 3218 17)[εα.θεολογία’ορφική,
627 3151 803 3202 utHellauicus
813 3155 994 3216 cosmogoniam
1003 3153 1136 3203 tradiderit
1146 3167 1238 3202 secuu-

181 3219 237 3268 dum
250 3224 383 3284 proeceptu
396 3219 543 3282 theogoniae
554 3219 683 3284 Orphicue‚
695 3220 745 3269 vid.
755 3218 856 3270 Loheck
868 3223 924 3284 Agl.
938 3239 960 3287 p.
971 3221 1022 3271 484
1035 3237 1072 3286 sq.
1097 3221 1129 3270 Et
1138 3221 1240 3272 videtur

181 3286 224 3335 ille
241 3286 339 3335 omnino
357 3286 480 3352 Orpheum
498 3287 552 3352 pari
568 3287 660 3336 honore
678 3287 794 3337 habuisse
811 3295 885 3354 atque
902 3289 1035 3339 Homerum
1052 3295 1078 3336 et
1094 3287 1236 3350 Hesiodum,

181 3370 242 3420 quos
256 3370 288 3404 ex
302 3355 387 3404 eadem
405 3355 466 3403 adeo
485 3355 564 3420 stirpe
581 3356 730 3420 repetendos
748 3371 804 3405 esse
823 3358 995 3418 existimabat;
1012 3369 1059 3420 qno
1075 3353 1099 3402 in
1118 3370 1145 3403 re
1163 3357 1237 3421 longe

181 3424 278 3472 cautior
296 3429 337 3472 est
349 3422 497 3487 Herodotus,
515 3423 586 3486 cujus
605 3430 685 3474 tamen
699 3439 732 3474 ex
744 3424 829 3475 verbis
841 3420 1080 3495 πολυθρυλλήτοις
1093 3422 1149 3472 istis
1161 3423 1191 3487 ll,
1206 3425 1237 3474 53

182 3490 211 3541 οἱ
223 3489 254 3540 δὲ
267 3487 405 3562 πρότερον
415 3491 529 3554 ποιηταὶ
541 3485 687 3560 λεγόμενοι
700 3489 804 3543 τούτων
813 3494 869 3546 τῶν
879 3488 992 3564 ἀνδρῶν
1003 3492 1144 3560 γενέσθαι,
1157 3486 1238 3546 ὕστε-

181 3574 232 3623 ρον
249 3556 316 3626 ἐμοί
329 3575 361 3626 γε
383 3556 503 3618 δοκέειν,
524 3557 652 3626 ἐγένοντο
669 3555 782 3625 τούτων,
799 3561 952 3613 Hellanicum
966 3561 1094 3629 probabile
1111 3567 1151 3610 est
1163 3577 1237 3612 secus

180 3627 300 3743 matidies&
313 3643 416 3758 olimque
429 3644 458 3676 eo
471 3627 595 3677 iudicasse
607 3627 790 3695 Pherecydem,
808 3630 954 3695 Damasten,
971 3631 1049 3690 ulios,
1068 3629 1118 3677 vid.
1135 3628 1237 3680 Lobeok

197 3732 203 3744 .
280 3711 291 3744 s
326 3733 331 3745 .

179 3711 194 3760 p
249 3712 487 3824 18)q]‘iiedemannus
504 3763 534 3812 de
551 3763 622 3829 prim.
636 3763 725 3815 Graec.
739 3765 828 3831 philos.
851 3781 875 3832 p.
886 3765 918 3815 63
932 3762 947 3830 ἡ
961 3759 1028 3825 αὐτὴ
1040 3762 1151 3826 corrigit.
1175 3764 1239 3816 Cen·

179 3830 289 3880 sorcius
303 3832 326 3880 in
340 3831 402 3881 Dihl.
416 3832 477 3882 Crit.
491 3830 519 3893 ll,
533 3830 548 3879 2
561 3848 584 3897 p.
596 3831 627 3880 88
641 3831 767 3894 vulgatum
785 3841 855 3885 recte
872 3835 1067 3896 interpretatur:
1088 3831 1238 3895 „Significat

178 3898 356 3964 Hieronymum
373 3900 435 3949 haue
451 3915 504 3950 rem
521 3915 554 3950 ex
571 3899 699 3949 Hellanico
718 3903 836 3953 sumsisse
853 3909 928 3967 utque
944 3898 1007 3947 odeo
1025 3898 1108 3950 ambos
1126 3917 1173 3950 uon
1188 3903 1237 3952 uisi

179 3982 252 4016 unam
264 3968 355 4017 hahere
367 3969 575 4030 auctoritatem“;
589 3982 733 4033 quamquem
746 3985 806 4020 cure
824 3985 886 4038 quoe
901 3973 1038 4031 sequuntur
1053 3969 1118 4034 apud
1133 3969 1238 4022 Damas-

181 4035 253 4101 eium,
265 4037 389 4088 noviciam
402 4036 567 4102 Orphicorum
581 4036 729 4102 sapientiam
742 4052 848 4090 revoces
860 4037 893 4088 ad
906 4034 1066 4089 Hellanicum.
