2558 4530
345 361 587 430 grammaticae
610 360 828 430 Byzantinae.
1078 362 1112 413 113

54 537 121 579 esse
137 514 262 579 ccrn'iter
276 536 311 578 ex
325 538 355 597 p.
374 519 422 593 10,
439 519 480 579 26
496 519 531 579 ed
547 518 651 579 Goettl.
682 518 820 578 Eiusdem
836 518 941 578 indolis
956 526 1025 580 sunt
1039 536 1113 597 quae

54 622 151 682 nuper
176 603 205 663 in
225 603 385 664 Anecdotis
403 603 619 664 Oxouiensihus
642 603 704 663 Vol.
725 603 764 663 lll
790 609 819 663 et
838 603 875 664 IV
894 603 1002 681 passim
1023 602 1113 663 edidit

56 688 221 762 Cramerua
239 695 267 747 et
282 688 423 766 opuscula
439 687 626 766 grammatica
642 688 782 748 Manuelis
797 687 981 766 Moschopuli
995 686 1113 748 Creten-

56 773 107 845 sis,
124 772 199 833 edita
215 791 231 832 a
247 772 341 833 Tilzio
357 773 436 851 lips.
455 772 544 844 1822,
563 771 613 850 qui
628 772 699 832 vixit
713 772 769 833 sub
785 771 974 850 Palaeclogie
1000 772 1114 832 Ultimis

55 857 179 936 denique
202 857 327 917 saeculis
347 857 431 918 ctiam
454 877 486 918 ea
508 857 639 917 collectio
660 856 835 935 assignanda
855 857 982 925 videtur,
1004 857 1114 934 quade

55 941 166 1002 dictum
181 948 228 1001 est
242 945 260 1015 ξ
276 941 305 1002 9.

142 1026 175 1086 D.
191 1026 309 1105 Dcrpcli
323 1026 359 1086 M.
376 1027 510 1088 Ianuario
527 1027 559 1086 Α.
575 1026 608 1086 ll.
625 1024 805 1087 MDCCCXL.

381 1287 782 1296 Μ...-

125 1549 160 1612 [lu
173 1549 257 1611 Bezug
269 1545 313 1596 cul
323 1546 513 1597 Choccaboscus
525 1547 647 1597 verweist
658 1546 758 1596 Prellcr
767 1547 791 1595 in
802 1547 873 1596 cinei·
881 1545 1114 1597 haudschrilllichcu

56 1617 124 1667 Note
144 1631 183 1665 cm
201 1616 304 1665 Schluss
327 1615 411 1665 dieser
428 1615 595 1678 Abhuudlung
616 1612 661 1664 aul
674 1614 820 1663 Euanthius
839 1614 1096 1665 'l'hesaalauiccnsia¹
1089 1632 1114 1665 in

57 1687 175 1750 hymnum
192 1683 433 1750 pentecostalem&
450 1681 485 1732 lo
504 1682 652 1732 Damasceni
668 1682 707 1731 bel
725 1681 775 1731 Mul
792 1682 952 1748 spicilegium
970 1683 1114 1748 Romanum,

57 1751 87 1801 Τ.
102 1751 132 1814 V,
146 1750 208 1801 llam
223 1751 284 1800 1841
288 1766 348 1815 ,.pg
364 1749 423 1814 166,
437 1751 483 1800 der
494 1766 541 1799 von
555 1752 648 1832 denen,
661 1750 700 1799 die
713 1750 768 1799 dem
779 1748 902 1800 lohannes
915 1751 1027 1802 Demeae
1041 1753 1114 1801 alneu

56 1820 189 1869 Beluamen
207 1817 323 1899 gegeben
335 1820 434 1881 hatten,
452 1824 520 1880 angl.
539 1811 587 1874 οὓς
603 1813 656 1884 ἐγὼ
674 1816 752 1897 μισῶ
768 1814 844 1868 καθα
857 1817 903 1868 καὶ
916 1812 1015 1874 aliove
1027 1819 1056 1868 ol
1068 1822 1117 1869 καί

56 1902 118 1937 τινα
131 1883 226 1954 σοφὸν
242 1885 260 1936 δ
267 1856 461 1938 ιδάσκαλον
478 1883 627 1937 παλαιὸν
639 1879 760 1940 πολλους
773 1887 798 1948 (l.
812 1882 903 1935 πολλὰ
917 1889 978 1936 eder
989 1886 1114 1948 πολλοῖς)

56 1948 714 2107 11113111110113115111111113111
727 1949 1117 2103 ilalllll‘laillll?

57 2085 200 2171 ρακτήριζε
219 2089 253 2140 τὰ
275 2090 373 2140 οἰκεῖα.
390 2117 424 2126 -
440 2117 473 2126 -
496 2083 610 2141 ὅσοιδὲ
622 2085 821 2172 Χοιροβοσκὸν
837 2085 888 2139 τὸν
904 2103 954 2152 την
968 2087 1116 2155 λογίοτητα

57 2158 194 2208 τοσοῦτον
207 2155 445 2221 utilalvovmv,
419 2172 473 2208 ειεν
484 2154 540 2208 ὑπὸ
555 2153 690 2228 συβώτη’
675 2151 810 2225 αγόμενοι
825 2158 884 2219 etc]
