2558 4530
105 353 175 408 .120
532 351 578 406 De
603 350 656 404 via
679 365 775 406 secra

121 509 234 593 piebat3
248 527 316 570 nam
329 507 407 587 quod
423 506 566 568 Romanis
578 515 639 568 erat
652 508 696 568 via
708 507 800 586 Appia
812 507 855 567 vel
866 507 975 580 Latina,
987 507 1094 568 eodem
1107 510 1179 587 apud

119 593 313 658 Athenienses
327 594 392 665 hae,
408 591 515 670 quibus
530 592 695 653 Eleusinem
710 599 796 670 atque
808 592 991 653 Academiam
1004 612 1110 654 versus
1122 594 1180 655 iba·

120 688 183 750 tur,
202 678 263 740 viae
282 677 462 744 habebantur
481 678 610 737 honore:
633 677 871 755 splendidissima
892 677 1032 739 omuibus
1049 678 1179 739 divorum

120 764 252 826 manium
267 763 460 824 colendorum
479 762 695 841 memoriaeque
711 762 892 841 sepultorum
907 763 997 823 titulis
1013 771 1103 842 atque
1118 782 1179 824 mo-

90 849 271 912 anumentis
296 848 333 910 ab
358 847 463 908 iniuria
488 854 657 925 temporum
681 847 870 908 vindicandae
892 846 955 908 loca
980 848 1179 909 censebantur.

121 936 256 1009 Quorum
278 951 402 1012 operum
425 931 504 1010 quod
527 932 687 993 Pausanias
709 950 801 1011 pauca
823 940 938 993 tantum
962 942 1180 1004 commemorat

118 1020 190 1082 tecit
210 1019 374 1080 secundum
400 1017 644 1077 cousuetudinem
665 1035 760 1078 suam.
793 1017 926 1078 Primum
948 1019 1084 1078 nominat
1105 1018 1179 1097 quod

119 1104 290 1187 proximum
311 1122 327 1164 a
346 1102 447 1182 Dipylo
474 1109 535 1162 erat
554 1111 779 1163 monumentum
795 1102 1005 1163 Anthemocriti
1021 1103 1180 1182 praeconis,

121 1190 205 1251 cuius
220 1187 344 1249 historia
359 1188 389 1249 iu
405 1187 500 1248 causis
516 1186 583 1248 belli
597 1187 838 1266 Peloponnesiaci
854 1187 990 1266 explicari
1007 1188 1138 1261 solebat,
1158 1207 1178 1248 v.

119 1275 196 1336 Plut.
212 1273 314 1336 Pericl.
331 1291 355 1333 c.
373 1273 428 1344 303
450 1273 591 1350 Harpocr.
607 1293 633 1333 v.
648 1264 921 1355 Ἀνθεμόκριτος,
938 1273 988 1351 qui
1001 1272 1072 1333 citat
1086 1272 1179 1333 locum

118 1359 205 1432 isaei,
220 1359 298 1420 unde
314 1357 491 1438 perspicitur
506 1366 731 1419 mouumentum
747 1357 817 1417 illud
833 1357 960 1435 imagine
971 1357 1180 1418 Anthemocriti

119 1451 255 1506 ornatum
274 1443 382 1517 luisse3
405 1443 558 1522 deinceps,
582 1442 686 1503 additis
709 1443 744 1503 de
765 1442 886 1520 singadis
908 1460 982 1520 quae
1001 1461 1036 1502 er
1061 1441 1178 1503 historia

119 1528 294 1601 attinebant,
310 1537 501 1590 recensentur
517 1529 649 1606 sepulcra
664 1527 796 1598 Molossi,
813 1527 1017 1606 Cephisodori,
1032 1527 1178 1587 Heliodori

118 1615 249 1693 pictoris,
258 1614 383 1674 Nicoclis
393 1613 551 1686 Tarentini,
559 1613 699 1686 aliorum;
712 1611 818 1690 quibus
827 1631 862 1672 ex
871 1611 1039 1673 Philostrati
1052 1613 1088 1672 de
1100 1631 1178 1690 gym-

119 1699 229 1758 nastica
240 1697 346 1770 libello,
358 1715 452 1776 nuper
463 1696 540 1757 edito
553 1715 568 1756 a
580 1697 706 1775 Kaysero
716 1696 847 1757 Heidelb.
863 1696 952 1769 1840,
965 1715 993 1775 p.
1008 1699 1047 1756 14
1058 1699 1131 1775 [cap.
1142 1698 1178 1756 54

120 1783 166 1843 ed.
182 1781 380 1860 Daremberg.]
397 1776 456 1841 καὶ
478 1773 497 1862 ἦ
520 1775 579 1841 ἐπὶ
594 1783 625 1840 Γ
625 1775 725 1878 spring)
740 1778 788 1863 τῷ
804 1777 975 1864 παλαιστῇ
990 1777 1179 1882 διαμαρτία,

122 1853 162 1928 οὗ
183 1861 222 1927 τὸ
245 1861 335 1948 σῆμα
356 1858 539 1949 Ἀθήνῃσιν
560 1858 594 1927 ἐν
616 1861 711 1950 δεξιᾳ
731 1863 789 1948 τῆς
808 1857 1012 1927 Ἐλευσίναδε
1032 1862 1116 1927 odori
1130 1865 1177 1926 ad-

121 1953 173 2013 das
195 1952 420 2012 monumentum
436 1950 541 2011 Gereui
562 1950 714 2012 luctatoris
730 1951 958 2030 Olympionicae.
987 1951 1067 2012 luter
1082 1950 1176 2029 sepul-

120 2056 203 2098 crum
220 2036 342 2099 Molossi
365 2038 419 2114 (de
438 2055 496 2115 quo
517 2055 543 2094 v.
560 2035 646 2096 heah.
662 2036 698 2096 de
718 2036 795 2096 dem.
811 2042 868 2096 Att.
907 2083 913 2096 .
933 2035 1013 2113 1395
1029 2043 1058 2097 et
1071 2052 1178 2095 mouu-

121 2129 253 2183 mentum
269 2121 463 2201 Cephisodori
477 2120 638 2181 Pausanias
654 2129 799 2182 memorat
812 2056 931 2202 χωρίον
945 2120 1071 2203 Σκῖρον,
1086 2140 1101 2181 a
1115 2126 1178 2180 vate

120 2207 280 2268 Dodonaeo
296 2207 480 2285 appellatum,
498 2205 546 2283 qui
558 2206 714 2266 Eleusiniis
726 2225 792 2267 cum
804 2205 1033 2267 Atheniensibus
1045 2223 1177 2285 pugnan-

120 2291 199 2353 tibus
216 2292 315 2351 socius
329 2292 430 2362 fuisse,
445 2299 474 2351 et
488 2308 555 2351 cum
568 2292 707 2370 inpugna
721 2291 880 2363 cecidisset,
892 2291 949 2352 hoc
960 2294 991 2351 in
1001 2291 1069 2351 loco
1083 2290 1176 2369 sepul-

121 2385 169 2437 tus
190 2394 255 2436 esse
275 2376 457 2449 credebatur,
472 2393 534 2437 uon
548 2376 634 2454 longe
649 2396 665 2435 a
680 2377 742 2436 rivo
763 2369 916 2458 (πλησίον
938 2374 1094 2454 ποταμοῦ
1115 2395 1179 2451 χει·
1200 2394 1203 2399 ‘

120 2458 279 2543 poppaei),
303 2481 390 2540 quem
410 2469 439 2521 et
459 2462 556 2540 ipsum
579 2461 713 2540 perhibet
732 2459 767 2521 ab
783 2461 857 2521 istoc
871 2469 935 2521 vate
951 2461 1061 2521 dictum
1077 2461 1179 2521 fuisse:

122 2546 172 2626 qui
193 2547 272 2608 rivus
293 2548 362 2608 olim
378 2547 488 2607 balneis
505 2565 599 2625 prope
613 2554 838 2607 mouumentum
854 2545 1065 2606 Anthemocriti
1081 2545 1180 2606 aedifi-

122 2632 192 2692 catis
208 2651 314 2711 aquam
328 2632 536 2710 suppeditabat
547 2632 659 2706 (isaeus
673 2650 718 2709 ap.
731 2631 874 2710 Harpocr.
888 2632 906 2690 l.
919 2650 943 2691 c.
955 2626 995 2691 τὸ
1009 2626 1181 2709 βαλανεῖον

120 2711 159 2776 τὸ
175 2709 255 2798 παρ’
273 2707 533 2795 Ἀνθεμοκρίτου
549 2706 750 2795 οῖνδρίαντα),
771 2733 850 2775 σασα
865 2723 961 2776 autem
977 2715 1060 2775 facile
1076 2716 1101 2777 is
1118 2734 1181 2775 esse

122 2800 363 2878 deprehenditur,
385 2817 472 2877 quem
493 2799 523 2859 iu
543 2799 727 2876 ingressione
747 2800 833 2862 silvae
850 2800 978 2861 olearum
993 2800 1069 2860 viam
1086 2818 1181 2861 secare

122 2890 243 2945 narrant
257 2883 366 2944 Gellius
383 2890 412 2942 et
425 2882 565 2952 Leahius;
580 2884 616 2944 cf.
628 2885 722 2945 llruse
736 2885 754 2944 l.
768 2905 790 2947 c.
804 2903 832 2963 p.
847 2884 887 2946 33
893 2908 903 2960 ,·
921 2886 990 2945 170.
1013 2884 1086 2945 lude
1097 2886 1181 2946 etiam

122 2970 158 3029 de
179 2967 242 3028 vico
259 2967 342 3028 Sciro
363 2968 434 3028 satis
455 2975 531 3029 certa
546 2970 693 3030 conclusio
711 2977 770 3042 est,
792 2969 840 3048 qui
855 2970 940 3030 variis
957 2969 1180 3031 solennitatibus

123 3052 214 3114 sacris
230 3052 384 3130 religiosus
399 3060 460 3114 erat
475 3054 512 3130 (v.
527 3054 639 3116 Demet.
654 3055 834 3133 etPerseph.
847 3074 875 3133 p.
889 3055 973 3130 292),
987 3055 1181 3116 verumetiam

122 3145 305 3209 scortorum,
326 3138 499 3209 aleatorum,
521 3139 701 3218 aliorumque
720 3140 748 3200 id
764 3157 855 3218 genus
870 3139 1104 3200 homuncionum
1121 3147 1181 3201 sta-

122 3224 204 3284 tione
218 3223 350 3283 famosus
363 3223 479 3302 (Steph.
495 3223 527 3284 B.
543 3244 567 3284 v.
583 3224 726 3307 Σκῖρον),
748 3225 830 3284 ouius
851 3232 949 3284 tamen
964 3225 1060 3285 famae
1076 3225 1180 3286 invidia

123 3308 250 3387 quodam
270 3308 360 3369 modo
377 3309 480 3370 elevari
495 3317 593 3388 potest
607 3310 688 3382 iude,
709 3310 787 3387 quod
803 3309 927 3371 Photius
943 3310 973 3369 iu
992 3310 1047 3370 lex.
1072 3329 1103 3388 p.
1121 3309 1181 3371 522

122 3412 177 3473 pro
193 3393 299 3455 scortis
314 3394 448 3454 nominat
462 3402 550 3455 vates.

91 3496 104 3534 s
208 3478 335 3540 Ulterius
352 3498 528 3558 progressos
548 3496 670 3539 amoena
687 3478 816 3538 olearum
832 3478 900 3538 silva
917 3479 1035 3557 excipit,
1055 3479 1091 3539 ab
1107 3479 1181 3539 anti-

122 3561 272 3640 quissimis
294 3564 361 3624 inde
383 3563 566 3642 temporibus
582 3563 688 3640 irrigua
704 3563 749 3623 illa
767 3564 861 3641 campi
877 3563 1065 3624 Atheniensis
1089 3565 1181 3643 spatia

123 3665 270 3727 occupans
287 3667 396 3727 perque
413 3667 531 3709 omnem
544 3648 710 3708 mortalium
727 3666 851 3727 operum
867 3647 981 3708 ruinam
997 3649 1181 3709 adolescente

122 3732 153 3791 iu
168 3750 261 3792 annos
277 3733 438 3810 propagine
460 3733 495 3794 ad
515 3740 648 3793 nostram
664 3751 758 3811 usque
772 3733 945 3792 memoriam
962 3733 1082 3794 durans.
1112 3733 1181 3794 Irri-

122 3823 228 3893 gantur
242 3824 339 3877 autem
354 3819 424 3878 haec
438 3818 501 3877 loca
516 3817 636 3877 flumine
652 3817 796 3896 Cephissi‚
813 3817 946 3896 plurimis
963 3818 1064 3878 rivulis
1077 3835 1180 3897 aquam

123 3919 206 3961 suam
231 3919 282 3978 per
304 3902 409 3962 hortos
433 3902 671 3963 circumiaoeutes
695 3902 902 3980 dispertieutis.
942 3903 1061 3963 Videtur
1083 3910 1181 3962 tamen

124 3983 221 4045 omnis
237 3985 340 4046 harum
361 3987 514 4064 regionum
535 3988 647 4065 species
668 3987 792 4048 multum
808 3986 843 4047 ab
859 3988 1048 4067 antiquorum
1064 3997 1179 4065 tempo·
