2558 4530
177 343 228 395 108
563 340 608 391 lle
634 337 846 406 Praxiphane

177 490 248 571 σοις
268 493 326 558 καὶ
348 492 386 557 τδ
408 490 534 570 πάθος.
569 489 722 556 καθόλου
745 488 819 576 γάρ,
843 485 956 576 ὥσπερ
981 486 999 555 δ
1023 490 1235 599 Πραξιφάνης

176 576 286 667 φησίν,
310 574 384 643 άντὶ
405 580 540 662 μυγμιῦν
561 575 855 661 παρελαμβάνοντο
878 570 910 640 oi
932 575 1082 641 τοιοῦτοι
1106 577 1235 642 συνδεο-

175 687 236 747 μοι
256 663 314 729 καὶ
336 665 530 746 στεναγμῶν,
553 659 666 748 ὥσπερ
688 660 727 726 cd
751 657 825 725 αἰαῖ
845 659 901 724 καὶ
916 661 955 725 τδ
971 661 1034 747 φεῦ
1048 660 1109 727 καὶ
1126 658 1236 727 ὁποῖόν

175 745 210 814 τί
224 746 323 829 ἐστιν,
340 744 385 825 uic
401 745 501 826 αὐτός
515 769 609 836 φησι,
629 747 669 811 τδ
683 746 740 810 καὶ
756 743 792 810 νά
806 740 835 809 κ’
851 741 1099 830 ὀδυρομένοισιν
1115 749 1188 828 (Οδ.
1203 770 1236 825 π,

176 839 255 915 220)
284 830 429 921 έμφασέν
458 858 533 897 τινα
556 829 628 912 ἔχον
651 826 784 918 οἰκτροῦ
806 825 977 913 ὀνόματος.
1007 837 1043 911 (ξ
1067 835 1127 911 58)
1151 828 1183 896 oi
1204 829 1235 896 δέ

177 919 263 1002 πρὸς
289 915 384 984 οὐδέν
407 913 679 1005 ἀναπληροῦντες,
709 911 801 1003 φησί,
824 916 883 980 τόν
905 913 1086 998 σόνδεσμον
1111 912 1235 981 ἐοίκασι

175 1008 246 1082 τοῖς
266 1001 464 1090 ὑποκριταῖς
485 1007 553 1080 τοῖς
573 1002 612 1067 τδ
637 998 710 1066 αἰαῖ
731 1000 789 1065 καὶ
810 1001 850 1066 τὸ
867 1002 929 1088 φεῦ
945 1000 1032 1086 πρδς
1048 997 1148 1067 οῦδὲν
1162 997 1235 1078 έπος

175 1087 333 1173 λέγουσιν,
357 1079 428 1153 οἷον
451 1084 555 1165 εἴτις
577 1075 644 1152 ὦδε
665 1084 772 1170 λέγοι·

279 1172 441 1238 Καλυδιδν
462 1172 521 1255 μὲν
541 1167 602 1259 ἥδε
624 1167 926 1270 γαῖακΠελοπειάς
947 1170 1073 1250 χθονὸς

699 1279 744 1320 ευ.

275 1338 326 1406 Ἐν
348 1339 596 1427 ἀντιπόρθμοις
617 1279 838 1439 πεδέῃέχουά
860 1336 1041 1422 εὐδαίμονα

700 1449 743 1490 ευ.

176 1509 220 1590 ὡς
247 1513 308 1596 γάρ
337 1511 498 1598 παρέλκει
522 1511 562 1576 τό
590 1449 749 1576 αἶαῖφκαὶ
771 1510 810 1574 τδ
831 1510 896 1615 φεῦ
918 1508 1051 1588 ἐνθάδε,
1077 1505 1163 1575 οῦτιυ
1184 1509 1233 1574 καὶ

178 1594 196 1661 ὃ
218 1598 386 1678 πανταχοῦ
409 1595 514 1682 μάτην
536 1594 777 1678 έμβαλλόμενος
798 1595 987 1677 συνδεσμος.

263 1686 380 1744 Videtur
401 1685 489 1761 igitur
504 1684 702 1762 Praxiphanes
718 1683 873 1762 particulas
890 1677 941 1766 δή,
954 1677 991 1743 νῦ
1006 1685 1041 1744 ad
1058 1683 1234 1744 rhetoricum

176 1770 385 1848 poeticumque
401 1770 534 1828 allectum
546 1787 709 1841 revocasse,
725 1770 803 1847 quod
816 1768 1022 1846 grammaticae
1033 1768 1235 1847 Peripateticae

178 1861 406 1914 consentaneum
423 1860 475 1925 est,
488 1872 554 1913 cum
567 1853 709 1914 rhetorica
722 1855 815 1931 magis
829 1873 914 1932 quam
929 1872 995 1913 cum
1009 1854 1104 1932 logica
1116 1854 1232 1914 coniun-
1263 1877 1268 1884 ¹

177 1946 249 1998 ctae.
279 1938 397 1999 Rectius
418 1939 453 1998 de
468 1938 514 1997 his
536 1938 614 1998 etde
630 1938 768 1998 omnibus
784 1939 813 1999 in
830 1938 998 1998 universum
1014 1939 1166 2016 particulis
1182 1939 1235 1997 sire

176 2042 251 2102 quae
266 2023 382 2084 Graecis
403 2024 584 2102 appellantur
603 2018 800 2102 συνδέσμοις
820 2023 850 2083 in
865 2023 956 2101 logica
972 2042 1025 2083 sua
1041 2023 1236 2083 indicaverunt

177 2108 282 2181 Stoici,
307 2129 330 2168 v.
347 2108 429 2185 Diog.
451 2110 482 2169 L.
499 2107 561 2178 vtt,
583 2108 708 2185 tlSsqq.,
729 2108 778 2166 ubi
799 2109 869 2168 haec
884 2109 1015 2186 quaestio
1039 2126 1104 2168 oum
1120 2107 1187 2167 loco
1203 2108 1235 2166 de

176 2194 332 2253 enuntiatis
349 2193 521 2270 compositis
538 2193 693 2251 coniuncte
706 2199 855 2253 tractatur.
880 2193 937 2253 Sed
954 2193 984 2253 in
999 2193 1183 2271 Praxiphane
1198 2193 1234 2251 vel

176 2277 245 2338 illud
259 2276 400 2336 laudabile
415 2283 469 2350 est,
485 2277 563 2354 quod
579 2277 652 2337 tales
668 2277 786 2337 voculas
803 2296 863 2337 non
878 2284 988 2337 temere
1003 2297 1058 2338 neo
1073 2277 1138 2338 sine
1154 2295 1234 2337 causa

176 2361 248 2440 poni
260 2368 405 2439 oportere,
417 2380 517 2422 verum
531 2380 613 2422 suam
627 2380 864 2440 unamquamque
875 2363 1026 2438 rationem,
1040 2381 1129 2423 suum
1142 2363 1233 2423 locum

177 2465 236 2525 quo
261 2454 375 2526 aptum,
396 2465 454 2525 quo
477 2447 607 2526 ineptum
629 2465 748 2508 sensum
770 2447 897 2507 efiiceret
915 2448 1021 2507 habere
1041 2456 1232 2526 praeceperat

176 2532 238 2593 Tali
253 2534 343 2593 modo
358 2533 436 2610 quod
453 2551 555 2593 causas
570 2533 696 2611 partium
712 2533 863 2605 orationis,
879 2532 963 2592 etiam
977 2533 1168 2593 minimarum
1180 2533 1233 2592 illa-

174 2636 241 2678 rum
258 2637 332 2696 quae
348 2619 518 2696 plerumque
534 2618 754 2694 negligebantur
764 2619 776 2657 ⁸
786 2620 813 2693 1)
829 2617 1003 2694 investigare
1020 2625 1172 2696 coeperat,
1186 2618 1234 2676 hac

131 2722 157 2761 ae
177 2703 284 2779 opinor
303 2720 371 2761 cura
391 2703 515 2761 maxime
534 2719 644 2761 nomen
664 2702 844 2779 grammatici
860 2710 889 2761 et
903 2702 1074 2762 recentioris
1092 2720 1233 2781 gramma·

175 2785 248 2845 ticae
267 2804 325 2844 una
341 2803 407 2844 cum
423 2785 576 2845 Aristotele
592 2787 733 2864 principis
748 2786 862 2847 laudem
878 2794 1032 2847 meruerat.
1062 2788 1106 2847 Ad
1124 2786 1233 2865 singula

176 2870 254 2946 quod
275 2869 390 2939 attinet,
411 2876 529 2928 secutus
556 2889 621 2929 snm
645 2871 803 2931 editionem
822 2871 922 2931 Walzii
938 2872 1022 2932 unet.
1045 2872 1094 2932 Gr.
1111 2863 1174 2933 Vol.
1190 2870 1233 2941 lli,

175 2972 204 3031 p.
222 2952 272 3024 31,
303 2953 360 3011 nisi
376 2952 454 3029 quod
471 2945 590 3013 ὁποῖόν
610 2973 645 3014 τι
661 2974 726 3015 cum
743 2956 876 3017 Goellero
893 2976 928 3015 ex
942 2956 1074 3034 margine
1090 2957 1162 3018 Vict.
1174 2955 1232 3016 tlt.

175 3037 242 3096 dedi
257 3055 311 3114 pro
327 3037 442 3114 vulgato
458 3036 564 3097 ποῖον.
594 3039 666 3099 Post
680 3040 775 3100 locum
793 3041 927 3110 Homeri,
944 3042 992 3120 qui
1009 3060 1077 3101 mox
1094 3041 1233 3111 laudatur,

175 3123 204 3181 in
231 3122 315 3182 codd.
341 3129 370 3181 et
388 3121 453 3181 edd.
475 3129 528 3181 ret.
552 3123 655 3201 legitur
675 3115 826 3207 ἔτρεψεν,
855 3120 1051 3209 ἐπέτρεψεν,
1080 3117 1231 3211 έπρεψεν,

176 3197 326 3286 ἔπραξεν,
344 3207 423 3285 quod
437 3207 630 3269 verisimiliter
644 3210 839 3270 Schneiderus
864 3220 1037 3289 corruptum
1054 3231 1121 3272 esse
1136 3209 1233 3272 statuit

241 3373 283 3435 at)
309 3373 345 3422 lle
368 3375 496 3439 particulis
514 3392 592 3442 neque
610 3378 663 3442 ipse
680 3378 833 3428 Aristoteles
851 3378 927 3428 aliter
943 3379 1069 3428 iudicasse
1087 3380 1232 3429 videturne

174 3442 298 3506 plerique,
320 3444 487 3492 coniunctioni
510 3451 605 3494 tanturn
626 3447 823 3496 enuntiationum
846 3462 889 3495 eas
906 3447 1043 3507 inservire,
1066 3447 1128 3496 nihil
1145 3462 1191 3512 per
1206 3459 1231 3494 so

173 3509 323 3572 significare,
337 3525 360 3560 v.
374 3510 403 3560 li.
417 3512 527 3560 Schmidt
539 3514 570 3561 de
583 3513 692 3562 Stoicor.
706 3512 750 3562 Gr.
765 3530 787 3578 p.
800 3513 832 3562 48
846 3529 882 3577 sq.
907 3512 969 3563 Nam
984 3529 1070 3578 purum
1084 3515 1131 3563 huc
1144 3515 1231 3564 attinet

174 3578 214 3640 qui
226 3591 241 3625 n
253 3577 405 3658 Solrn-eider'o
417 3580 447 3627 ad
462 3579 614 3629 Demetrium
627 3581 643 3629 l.
657 3582 674 3629 l.
688 3581 781 3630 citatur
793 3581 862 3630 locus
875 3580 999 3661 Problem
1013 3580 1086 3662 XiX,
1100 3582 1133 3630 20
1147 3576 1232 3662 καθά-

170 3642 452 3773 έὶληίἶλῒῗέὲλλέ
466 3645 1232 3780 tittlttttttt'tttttttttt,tttttf'ttttt

174 3775 204 3827 δὲ
221 3773 307 3829 otatv
319 3781 440 3838 λυποῦσι
455 3777 501 3830 διά
520 3777 551 3830 τὸ
565 3784 623 3836 τοῖς
638 3781 691 3850 μὲν
703 3777 857 3849 ἀναγκαῖον
870 3781 940 3834 εἶναι
948 3786 1078 3863 χρῆσθαι
1090 3780 1231 3846 πολλάκις,

174 3846 198 3893 εἰ
211 3840 287 3893 ἔσται
301 3843 390 3911 λόγος,
403 3850 462 3902 τοῖς
474 3846 505 3897 δὲ
516 3844 565 3916 μή,
579 3843 650 3898 οὕτω
664 3850 709 3899 καὶ
723 3851 778 3901 τῶν
790 3847 930 3918 φθόγγων
941 3869 957 3911 η
969 3852 1042 3919 μέση
1057 3845 1155 3922 ὥσπερ
1169 3847 1231 3901 σῦν·

173 3906 279 4029 δρρτμός
288 3910 404 3994 ἐστι’κρὶ
415 3910 538 3981 μάλιστα
550 3916 606 3965 τῶν
617 3917 716 3978 καλῶν,
729 3913 776 3967 διὰ
791 3915 821 3967 τὸ
835 3913 995 3974 πλειστάκις
1005 3916 1177 3987 ἐνυπάρχειν
1185 3915 1233 3969 τὸν

173 3996 196 4045 φ
220 3994 307 4043 ογγου
319 3997 409 4043 αυτης.
