2558 4530
124 307 161 362 56
534 299 582 353 De
600 296 781 352 Hellanieo

125 480 210 533 mus,
232 468 366 538 tempora
384 457 616 535 fragmentorum
638 473 726 533 qnam
750 452 973 532 diligentissime
998 455 1184 518 examinanda

127 552 229 618 erunt;
245 544 323 623 quod
339 561 405 603 cum
422 541 697 603 coniunctissimum
713 539 752 599 sit
768 558 834 599 eum
850 538 982 617 ipsarum
1003 542 1185 602 sacerdotum

125 631 248 692 lunonis
269 628 470 701 successione,
491 625 624 687 attinebit
642 631 790 703 quotquot
808 624 930 684 nomina
950 643 985 684 ex
1005 624 1063 685 illis
1079 634 1186 686 exstant

126 722 211 777 antea
226 731 405 794 componere
420 719 506 790 atque
522 711 557 771 ad
573 718 668 770 certas
684 718 853 788 temporum
875 709 1092 788 descriptiones
1109 729 1185 771 revo

72 841 75 845 .
127 801 263 862 earessss.

210 802 335 945 Eristant
349 882 451 942 decem
466 879 600 949 nomina,
616 897 740 957 quarum
752 878 954 957 antiquissima
970 886 1017 939 est
1030 879 1045 939 1
1051 899 1070 940 o
1086 879 1186 941 Calli-

125 969 238 1049 thyia,
259 986 346 1046 quarn
362 965 489 1044 primam
508 964 630 1024 lunonis
648 964 830 1024 sacerdotem
852 964 944 1024 luisse
965 966 1188 1025 consentiuntur

126 1072 250 1125 omnes,
269 1070 343 1129 quae
362 1050 393 1109 in
412 1050 518 1110 fabulis
539 1050 614 1109 solet
634 1049 770 1127 appellari
786 1050 832 1120 lo,
853 1049 884 1108 in
899 1048 1094 1127 chronologia
1110 1049 1187 1109 Calli-

125 1139 204 1217 tbyia
219 1139 249 1196 b.
266 1155 290 1196 e.
306 1130 389 1216 καλή
404 1128 517 1208 θοιάς,
534 1133 655 1212 pulchra
671 1134 810 1194 sacerdos
821 1134 882 1208 ⁶⁹).
912 1133 1024 1193 Dicitur
1040 1135 1099 1193 filia
1112 1135 1187 1194 Pire

127 1223 173 1283 nis
186 1220 230 1282 vel
241 1219 335 1281 Pirasi
350 1219 391 1279 vel
404 1219 535 1279 Pirantbi
545 1220 557 1258 ⁷
566 1219 606 1293 ⁰),
622 1226 715 1278 mater
727 1218 867 1290 Trochili,
880 1236 965 1297 quem
978 1218 1200 1298 bellerophon-y

126 1307 166 1366 tis
191 1304 334 1365 Corinthii
357 1311 386 1364 et
407 1305 545 1382 Eumolpi
567 1302 707 1363 Eleusinii
730 1304 876 1363 aemulum
900 1303 1189 1364 subministraverant

128 1390 283 1451 inferiores
298 1389 473 1467 Argivorum
488 1388 736 1463 fabulatoreslll.
767 1388 969 1448 Sacerdotium
986 1388 1061 1459 eius,
1088 1388 1114 1448 si
1135 1388 1189 1448 Eu-

86 1498 112 1538 n
129 1475 244 1537 sebium
259 1482 288 1536 et
303 1474 468 1553 Syncellum
485 1493 513 1552 p.
531 1473 590 1533 149
606 1474 629 1533 Β
650 1491 787 1550 sequare,
808 1480 964 1550 exsuperat
984 1479 1123 1550 tempora
1140 1472 1189 1532 Ce-

127 1561 235 1639 cropis.
264 1560 389 1620 Ponitur
403 1560 439 1619 ab
454 1559 510 1618 illis
526 1558 663 1618 floruisse
681 1558 761 1618 1638
778 1575 874 1618 annos
889 1577 913 1617 a.
932 1558 999 1618 Chr.
1011 1575 1052 1630 n.,
1065 1557 1129 1618 862
1142 1575 1190 1618 an-

128 1662 185 1704 nos
201 1650 267 1704 ante
282 1642 327 1702 Ol.
343 1643 365 1714 l,
382 1643 443 1703 458
459 1661 553 1703 annos
569 1651 635 1702 ante
650 1659 749 1702 aeram
762 1643 932 1702 Troianam.

213 1727 245 1801 2)
262 1728 569 1804 Hypermestra,
594 1727 684 1786 Danai
708 1727 778 1798 filia,
801 1727 906 1804 Lyncei
930 1725 1087 1799 servatrix,
1108 1745 1190 1806 quam

128 1810 274 1872 Eusebius
289 1811 379 1872 tradit
391 1811 471 1872 1433
488 1830 581 1872 annos
598 1830 622 1871 a.
635 1811 703 1871 Chr.
719 1829 748 1870 n.
764 1812 793 1870 b.
810 1832 834 1870 e.
851 1812 912 1871 205
929 1829 1024 1871 annos
1040 1819 1113 1888 post
1127 1812 1191 1872 Cal-

128 1895 257 1975 litbyiam
281 1896 444 1957 sacerdotio
467 1897 600 1957 functam
623 1915 703 1965 esse,
727 1903 760 1956 ut
781 1896 909 1974 quinque
932 1895 1089 1956 minimum
1116 1897 1191 1956 inter

128 1989 285 2058 utramque
307 1981 470 2042 sacerdotia
493 1980 646 2041 statuenda
663 1980 730 2039 sint.
766 1981 853 2041 Aetas
877 1981 1127 2060 Hypermnestrae
1146 1999 1187 2042 re

134 2150 330 2158 ---—----

197 2233 239 2295 681
258 2231 295 2282 cf.
307 2233 426 2284 Valesius
438 2232 470 2281 ad
482 2230 602 2294 Excerpt.
615 2231 703 2296 Polyb.
717 2249 740 2298 p.
757 2232 830 2296 1395,
844 2232 876 2282 30
889 2233 928 2283 ed.
942 2231 990 2282 lac.
1005 2231 1119 2285 Gronov.
1135 2235 1191 2285 Am-

129 2301 220 2351 atelod.
235 2300 308 2351 1610.

197 2368 239 2430 691
257 2368 288 2419 V.
301 2368 393 2418 Enseb.
406 2365 500 2415 Canon.
514 2365 604 2416 Cbron.
622 2381 662 2432 ap.
681 2367 739 2417 Mai.
759 2367 851 2432 Seript.
871 2375 933 2417 vett.
950 2383 1007 2417 nov.
1026 2370 1145 2420 collectio
1164 2370 1191 2420 Τ.

129 2434 199 2497 Vlll,
212 2451 236 2501 p.
249 2436 310 2497 2913
325 2434 457 2502 [Syneell.,
472 2434 519 2483 149
533 2435 560 2494 D,
573 2450 596 2500 p.
610 2434 667 2484 283.
680 2438 719 2485 ed.
734 2436 809 2484 Eonn.
825 2435 984 2485 Katttamo
996 2439 1153 2502 Πείραντος
1165 2436 1192 2488 ἒν

130 2499 222 2574 Ἄργει
242 2505 357 2573 πρῶτον
378 2496 519 2569 ἱεράτεοσε
537 2503 583 2567 τῆς
594 2497 699 2571 Ἥρας]
721 2504 831 2553 Eandem
848 2519 905 2552 esse
923 2502 1005 2552 lenem
1022 2512 1098 2569 atque
1117 2506 1191 2555 Calli·

128 2573 221 2637 tbyiam
243 2574 318 2623 doeet
335 2571 450 2633 Scaliger
463 2571 539 2624 Thes.
557 2579 647 2637 tempp.
666 2573 797 2620 Animadv.
815 2571 846 2620 ad
863 2572 955 2620 Enseb.
973 2572 1065 2621 Chron.
1083 2589 1107 2638 p.
1123 2574 1155 2623 24
1172 2589 1192 2636 a,

128 2639 216 2705 lleyne
229 2642 260 2689 ad
273 2640 390 2705 Apollod.
404 2637 432 2699 ll,
446 2640 467 2700 1,
479 2638 501 2688 3.
531 2640 558 2689 ln
569 2640 718 2698 Phoronide,
731 2640 832 2703 antiquo
846 2641 955 2688 carmine
968 2641 1047 2703 epico,
1062 2656 1102 2705 up.
1117 2641 1192 2691 Clem.

128 2705 245 2754 Stoomm.
258 2707 277 2767 l,
291 2722 314 2770 p.
327 2704 377 2753 418
392 2705 418 2752 P.
436 2709 578 2755 nominatur
595 2700 756 2766 Καλλιθόη,
773 2721 811 2769 up.
828 2707 938 2772 Hesyeb.
958 2723 990 2756 ex
1003 2708 1054 2757 elio
1068 2711 1192 2774 scriptore

129 2767 338 2821 Καλλιθὺεσσα,
358 2769 404 2833 [Cl.
418 2771 525 2823 Prelleri
539 2773 643 2837 lllytbol.
656 2787 695 2832 gr.
709 2771 738 2832 ll,
751 2789 774 2836 p.
787 2773 827 2834 40,
840 2776 878 2823 ed.
893 2776 936 2824 alt.
951 2774 991 2837 lt]

198 2838 240 2899 tu)
260 2838 356 2901 [Potius
368 2837 520 2903 Pirantis,
542 2837 573 2888 cf.
587 2838 694 2888 Prelleri
709 2839 813 2904 Mytbol.
826 2858 863 2902 gr.
877 2841 906 2903 ll,
921 2859 943 2907 p.
957 2843 997 2891 39.
1011 2841 1052 2905 lb]

198 2905 239 2965 71)
259 2904 289 2954 V.
307 2906 433 2954 Plutarch.
448 2907 478 2954 de
492 2906 609 2956 Daedalis
622 2921 661 2969 ap.
680 2906 770 2957 Euseb.
786 2907 874 2974 Praep.
894 2910 941 2960 Eu.
960 2909 1003 2975 lll,
1021 2911 1044 2969 8,
1062 2927 1086 2976 p.
1100 2911 1135 2961 99
1154 2914 1193 2961 ed.

130 2973 234 3032 Colon.;
251 2973 352 3022 llesiod.
370 2979 397 3022 et
413 2975 509 3025 Acusil.
526 2991 565 3039 ap.
582 2973 698 3037 Apollod.
713 2972 745 3036 ll,
764 2976 791 3037 1,
809 2976 832 3026 3.
856 2977 928 3041 Apud
945 2980 1048 3026 enodem
1068 2979 1161 3029 Castor
1179 2975 1193 3029 ὁ

130 3035 299 3106 συγγράψας
314 3036 347 3089 τὰ
360 3038 479 3109 χρονικὰ
497 3036 663 3109 ἀγνοήμάτα
681 3057 735 3090 cum
753 3044 837 3093 multis
855 3047 959 3105 tragicis
972 3045 1055 3094 lonern
1069 3047 1194 3096 lnechill-

129 3109 187 3158 liam
198 3109 318 3157 statuisse
329 3112 444 3169 traditur,
458 3117 484 3159 ut
494 3112 566 3159 aliam
577 3111 600 3156 in
615 3111 698 3171 regnis
710 3117 783 3175 atque
797 3114 945 3162 sacerdotiis
957 3116 1106 3175 Argivorum
1121 3118 1194 3164 chro-

130 3176 253 3238 nologiam
267 3177 396 3225 induxisse
409 3178 536 3238 videatur,
555 3191 630 3241 quare
643 3193 734 3243 anceps
747 3187 800 3242 est,
817 3180 919 3229 Eusebii
934 3185 1075 3231 notationes
1088 3184 1119 3230 ad
1134 3184 1193 3233 llel·

129 3245 237 3294 lanicnm
248 3242 396 3293 transferre.
408 3244 540 3294 Trochilus
551 3245 770 3311 liliusCallitbyiae
780 3250 919 3296 sacerdotis
930 3256 977 3309 est,
989 3265 1035 3297 nou
1048 3250 1095 3314 lus,
1106 3251 1193 3300 aratris

130 3313 237 3378 Epaphi,
250 3328 288 3377 ap.
303 3312 398 3361 Theon.
411 3313 441 3360 ad
456 3313 527 3362 Arat.
540 3313 631 3362 Phaen.
644 3329 669 3362 v.
684 3314 728 3362 161
745 3316 773 3364 οἱ
785 3314 816 3365 ol
827 3310 987 3384 μυθολόγοι
1000 3315 1050 3367 τὸν
1059 3312 1193 3384 Ἡνιόχον

130 3381 261 3446 λέγουσιν
278 3377 349 3431 εἶναι,
365 3374 380 3441 ἢ
398 3377 628 3448 Βελλεροφόντου
646 3376 661 3445 ἢ
678 3385 817 3448 Τροχίλον
833 3385 880 3445 τῆς
893 3386 1067 3440 Καλλιθυίας
1080 3382 1193 3447 παιδός,

130 3441 1192 3585 {ltetltttlt'‘'fft’tttt‘tt'tttblttlttlttttt.l“’h‘tlblthttt

129 3585 232 3649 phanta,
251 3583 398 3648 'l'riptolemi
412 3591 494 3648 patre,
512 3602 536 3635 v.
551 3586 624 3635 Paos.
643 3585 665 3648 l,
682 3587 723 3645 14,
743 3588 766 3636 2.
790 3587 905 3636 Pertinet
922 3589 968 3636 boc
980 3590 1009 3636 ad
1024 3591 1193 3639 niirarnillam

131 3652 281 3713 Argivorum
295 3650 439 3700 inferiorum
453 3653 677 3718 ambitionemque
691 3656 772 3703 omnia
784 3669 855 3703 sacra
869 3664 895 3704 et
907 3653 1003 3705 sabulos
1017 3673 1030 3705 a
1045 3659 1096 3705 suis
1111 3659 1193 3706 beroi-

130 3719 176 3767 bus
189 3721 304 3768 derivare
317 3719 475 3781 satagebant,
493 3722 523 3769 de
539 3736 586 3784 qua
603 3723 653 3770 dixi
668 3725 690 3770 in
705 3724 761 3772 Cer.
776 3730 802 3771 et
816 3723 930 3787 Proserp.
945 3741 967 3788 p.
979 3726 1042 3783 3003
1056 3727 1192 3790 eodemque

128 3783 190 3836 facit
201 3789 264 3851 quod
280 3789 372 3849 legitur
384 3803 422 3852 ap.
438 3789 509 3836 Paua.
523 3787 550 3853 ll,
566 3787 608 3849 16,
622 3788 636 3836 3
650 3783 683 3838 ὃν
695 3787 725 3839 dt
740 3793 952 3854 προσποιοῦσιν
967 3788 1137 3856 Ἀκουσιλάῳ
1147 3789 1192 3842 λό-

128 3870 188 3972 pov,
201 3856 337 3919 Μυκηνέα
350 3853 411 3905 υἱὸν
424 3853 493 3905 εἶναι
507 3852 687 3921 Σπάρτωνος,
700 3855 859 3925 Σπάρτωνα
872 3858 901 3908 δὲ
918 3863 1079 3926 Φορωνέως,
1093 3859 1145 3910 οὐκ
1158 3855 1192 3911 ἂν

143 3939 217 3989 ymye
230 3919 433 3990 ἀποδεξαίμην,
446 3919 520 3972 ιλιότι
532 3923 604 3990 μηδὲ
618 3919 696 3973 αὐτοὶ
708 3924 944 3993 Λακεδαιμόνιοι.
