2558 4530
470 339 583 392 Lesbio
601 341 768 392 historico.
1113 341 1145 392 41

90 511 170 573 tibus
187 509 314 574 dirutam
334 526 401 573 esse
416 507 536 571 Troiam
558 506 689 588 prodidit
707 523 802 588 neque
823 508 894 571 diris
913 514 1088 570 exsecratam
1110 509 1145 571 ab

90 602 319 675 Agamemnone,
339 596 390 658 scd
407 594 479 657 nihil
494 592 550 655 nisi
566 600 771 673 expugnatam.
794 593 922 690 ‘Accepit
909 594 1018 656 tillam
1038 595 1145 655 famam

90 682 218 743 fortasse
237 681 273 743 ab
299 681 452 743 iliensibus
476 679 636 757 novis³⁶)‚
656 697 731 759 quos
752 679 801 758 qui
820 680 982 740 Homerum
1002 679 1146 741 curiosius

91 768 368 870 interpretabantur,
384 765 537 829 ambitiose
550 762 620 825 illud
636 763 755 825 finxisse
771 763 999 868 contendebant
974 772 1041 825 tv
1054 765 1087 825 S
1088 764 1146 826 rab

92 843 124 913 οὶ
148 846 186 914 δὲ
208 853 263 914 νῦν
281 843 398 925 Ιλιεῖς
408 845 661 952 φιλοδοξοοννες
682 869 740 910 και
731 836 960 923 θέλοντες
930 869 1015 911 ειναι
1006 843 1149 952 ταύτην

90 933 177 1042 τήν
172 932 322 999 παλαιὰν
343 929 620 1038 παρεσχήκασι
641 927 758 1037 λΗόμον
780 933 852 1007 τοῖς
873 928 910 996 ἐκ
931 929 990 1038 τῆς
1006 926 1148 1038 Ομήροο

91 1015 261 1124 ποιήσεως
280 1015 560 1124 τεκμαιρομένοις
577 1011 616 1082 οὕ
631 1014 691 1116 yolo
707 1011 814 1081 ἔοικεν
829 1011 909 1102 αὕτη
926 1007 1046 1103 εἶναιη
1068 1010 1147 1082 καθ’

91 1099 244 1191 Όμηρον.
277 1097 400 1169 vides‘
380 1098 531 1203 αιιοριαν.
538 1104 664 1178 fuisses
657 1122 686 1165 ιιι
702 1123 758 1185 qua
773 1105 971 1184 patefacienda
984 1106 1063 1183 quod
1079 1105 1148 1167 llel-

88 1192 231 1265 lanicum‚
252 1212 339 1273 quem
360 1211 446 1253 suurn
470 1191 580 1253 scilicet
602 1196 660 1252 test
663 1209 708 1250 em
721 1190 932 1293 producebant
919 1191 1084 1263 tilienses,
1106 1192 1149 1252 sic

88 1278 245 1356 scripsisse
257 1285 327 1341 cont
315 1278 408 1339 tendit
418 1270 634 1359 χαριζόμενον
643 1274 714 1349 τοῖς
721 1267 863 1351 Ἰλιεῦσι,
878 1275 1017 1356 idipsum
1031 1277 1149 1357 scripsit

89 1364 284 1429 contentiose.
318 1364 386 1427 Non
410 1363 495 1424 video
522 1362 656 1441 equidem
683 1360 752 1439 quid
778 1360 834 1420 illis
855 1362 1054 1459 temporibus,
1080 1371 1147 1424 ante

88 1448 285 1510 Alexandrum
298 1448 509 1526 Magnnm³⁷)‚
530 1447 565 1507 ab
584 1445 738 1507 Iliensibus
754 1445 809 1504 sibi
829 1446 982 1507 conciliare
1001 1448 1146 1526 quispiam

90 1542 144 1613 pot
131 1533 230 1607 tuerit,
244 1533 303 1594 nisi
317 1540 380 1612 grat
381 1533 473 1594 iarum
489 1533 633 1593 actionem
649 1531 831 1592 humilemt
801 1538 831 1592 at
832 1549 888 1609 que
900 1530 1076 1593 submissam
1088 1535 1147 1604 38).

90 1653 133 1663 —-
148 1617 283 1680 Ceterum
298 1617 403 1679 Troica
418 1617 495 1678 idern
512 1617 616 1679 Strabo
632 1615 794 1695 respexerit
809 1617 895 1677 etiam
910 1617 937 1676 X
938 1635 989 1719 ,p.
1002 1618 1064 1678 456
1080 1608 1147 1679 οὐδ’

97 1694 285 1779 Ἑλλάνικος
302 1695 484 1788 Ὁμηρικός,
506 1693 686 1780 Δουλίχιον
706 1697 764 1786 τήν
786 1694 1018 1786 Κεφαλληνίαν
1034 1695 1146 1785 λέγων.

346 1910 382 1976 11.
413 1911 539 1976 OPERA
561 1909 888 1975 CHOROGRAPHICA.

541 2046 564 2082 a.
582 2030 699 2083 Atthis.

173 2135 307 2199 ditantur
331 2134 397 2198 libri
423 2143 562 2216 quatuor,
589 2152 717 2214 qnorum
740 2134 855 2214 primus
881 2133 1149 2213 comprehendebat

85 2229 222 2301 tempora
236 2220 376 2296 fabulosa,
390 2221 538 2283 secundus
553 2221 584 2283 in
596 2238 738 2299 pagorum
754 2220 880 2281 maxime
891 2220 1054 2281 Atticorum
1071 2220 1146 2281 anti·
1161 2221 1187 2260 ²³

89 2307 247 2386 quitatibus
257 2307 437 2369 versabatur.
459 2307 500 2366 lle
511 2305 589 2367 tertii
600 2313 628 2366 et
639 2304 734 2384 quarti
745 2314 918 2383 argumento
931 2304 1147 2384 parumliquet;

90 2390 141 2451 sed
159 2397 274 2452 constat
288 2391 436 2452 Atthidem
450 2390 592 2451 Hellanici
607 2390 693 2450 etiam
709 2390 744 2449 de
757 2390 880 2450 coloniis
901 2390 931 2449 in
945 2390 1059 2450 Ioniam
1074 2391 1147 2451 mis-

91 2476 133 2536 sis
150 2475 243 2554 dcquc
257 2474 338 2535 bellis
354 2474 479 2535 Persicis
494 2481 524 2534 et
538 2492 611 2553 quae
626 2480 724 2534 secuta
739 2481 823 2534 erant
836 2491 930 2552 usque
948 2474 983 2532 ad
1000 2492 1082 2534 suarn
1098 2495 1149 2536 ae-

89 2566 181 2622 tatem
197 2577 455 2621 commemorasse.
485 2557 620 2619 Ceterum
642 2558 722 2636 quod
742 2559 818 2637 apud
834 2556 922 2617 Clem.
942 2558 1021 2618 Alex.
1040 2559 1149 2621 Strom.

88 2646 134 2719 Vl,
149 2664 179 2724 p.
197 2644 259 2706 752
275 2643 384 2705 Potter.
406 2663 422 2704 a
438 2642 630 2722 Melesagora‚
650 2642 854 2722 antiquissimo
876 2660 974 2705 rerum
988 2643 1148 2708 Atticarum

88 2738 217 2805 auctore,
232 2729 375 2791 nonnulla
388 2729 501 2791 furatus
516 2747 582 2791 csse
597 2728 712 2803 dicitur,
728 2728 758 2789 id
771 2747 857 2808 quarn
869 2727 927 2790 virn
939 2728 1045 2792 habeat
1055 2750 1148 2812 appa-

88 2823 134 2878 ret
149 2836 184 2878 ex
199 2835 244 2888 eo,
261 2815 340 2895 quod
357 2816 465 2876 cohors
482 2815 659 2894 scriptorum
674 2814 927 2876 nobilissimorum
942 2814 1073 2877 eiusdem
1089 2836 1149 2880 una

89 2920 157 2964 cum
172 2901 321 2963 Hellanico
337 2900 467 2962 criminis
484 2907 667 2962 accusantur.
698 2899 767 2961 Sine
782 2900 871 2962 dubio
887 2901 912 2961 si
928 2902 994 2981 quis
1015 2911 1082 2963 ante
1101 2904 1148 2982 ip-

88 3005 157 3049 sum
173 2985 209 3047 de
223 2986 311 3048 rebus
321 2986 423 3048 Atticis
440 2986 535 3048 editus
551 2994 614 3047 erat
629 2986 867 3060 commentarius,
882 3005 948 3047 curn
962 2988 1148 3062 consultavit3

87 3071 246 3134 maximam
262 3091 330 3133 vero
345 3079 428 3133 notat
416 3071 530 3133 tionum
547 3079 659 3151 partem
680 3071 815 3133 credibile
836 3080 880 3132 cst
900 3072 935 3133 ab
954 3071 1021 3150 ipso
1042 3074 1147 3133 collec-

87 3163 147 3220 tam
163 3176 231 3219 esse
245 3156 331 3238 idque
346 3164 608 3219 monumentorum
624 3157 812 3236 potissimum
828 3157 995 3235 cognitione
1010 3157 1146 3235 diligenti.

172 3243 206 3304 In
226 3243 346 3304 exordio
368 3243 465 3323 operis
490 3243 526 3304 de
548 3244 666 3305 autocht
666 3243 755 3304 honia
775 3241 995 3304 Atheniensium
1019 3242 1147 3303 fortasse

89 3327 254 3407 disputarit,
269 3348 295 3390 r.
307 3329 450 3410 Harpocr
465 3348 492 3391 r
509 3319 718 3406 αονόχθονες,
738 3335 767 3389 et
786 3329 822 3388 de
838 3327 949 3406 Ogyge,
970 3345 1146 3406 quamquam

89 3482 288 3495 m-

89 3543 149 3598 (λῶν
165 3541 326 3630 ἀφειμένων
342 3545 373 3599 ἐκ
388 3549 436 3614 τῆς
449 3544 612 3606 Ἑλλάδος(
599 3567 657 3630 υνιρ
646 3544 886 3616 Νεοπτολέμου,
906 3543 1035 3617 κατάγων
1047 3544 1147 3607 αὐτοὺς

88 3609 178 3668 ἐπὶ
149 3630 200 3678 την
211 3611 346 3696 πατρῴαν
358 3611 447 3685 ἀρχὴν
459 3619 498 3672 εἰς
512 3619 619 3683 Τροίαν
631 3612 799 3695 αφικνεῖται.

157 3681 198 3746 36)
217 3683 319 3734 Falsum
334 3685 566 3751 interpretationem
584 3683 686 3734 Homeri
706 3681 810 3731 subesse
827 3683 966 3736 arbitratur
982 3687 1128 3737 Lehrsins
1122 3705 1146 3738 ιιι

88 3751 179 3871 sqqdiis
191 3751 331 3804 Aristarchi
344 3768 369 3818 p.
382 3752 432 3802 244
445 3768 491 3819 sq,
503 3751 546 3802 ubi
556 3768 581 3803 v.
594 3753 625 3802 de
638 3750 760 3802 similibus
772 3750 911 3802 commissis
923 3754 1020 3806 Eudoxi
1023 3757 1145 3822 ,Ephorq

87 3833 203 3871 erorum.

155 3887 199 3949 37)
213 3887 328 3954 [Videqn
331 3903 359 3938 os
372 3888 434 3939 citat
446 3885 556 3938 lllansen
568 3889 667 3940 Aeneas
680 3886 697 3950 l,
710 3885 761 3950 65.]

157 3954 198 4019 38)
212 3953 258 4019 [Cl.
275 3956 383 4007 Boeckh.
400 3956 474 4025 Corp.
488 3955 613 4023 lusenll,
626 3973 652 4024 p.
665 3955 724 4008 878.
740 3954 864 4008 Wclcker
878 3955 961 4010 kleinc
974 3957 1099 4011 Schrillen
1116 3957 1145 4020 ll,

88 4020 232 4126 leIIsq.
244 4023 414 4090 ccxxxlvl
