2558 4530
129 349 181 403 160
383 347 444 401 Die
463 346 732 414 Vorstellungen
751 345 809 400 der
827 345 930 398 Altera

127 503 439 566 hutocbthonenideen
453 503 653 584 polemisirten
663 504 705 579 ³);
726 502 907 581 dahingegen
926 502 1019 562 andre
1033 501 1113 562 Wclt
1129 503 1181 564 und

128 591 287 652 llenschen
302 590 332 650 in
349 590 401 650 der
415 590 477 649 Zeit
490 591 644 650 entstehen
659 588 775 660 liessen,
797 588 842 647 die
856 586 1017 647 Mensehen
1036 587 1129 647 meist
1144 604 1181 657 so,

128 676 193 736 dass
209 694 262 736 ans
278 676 335 735 den
349 675 444 735 festen
460 674 520 734 und
535 674 675 751 llisssigen
686 672 856 733 Elementen
871 672 923 732 des
936 671 1115 732 Erdbedens
1130 681 1182 732 erst

128 760 347 821 verbereitende
362 759 524 837 Bildungen
540 760 702 830 eutstehen,
716 757 778 818 und
793 757 897 817 daraus
912 756 992 816 dann
1008 756 1063 815 der
1079 757 1181 816 vollen

128 845 192 905 dete
210 844 332 905 Menscb
355 843 486 922 gestaltet
506 843 576 903 oder
599 843 726 920 geboren
750 841 836 913 wird‚
863 841 917 901 wie
941 840 1125 901 namentlich
1143 841 1182 902 bei

128 928 354 1000 Anaximander,
370 927 579 1006 Empedohles,
595 928 795 999 Parmenides,
810 925 975 1000 Demohrit,
992 925 1108 1003 Epihur
1120 943 1147 986 u.
1161 945 1181 986 a.

127 1014 249 1075 Endlich
269 1014 333 1091 frigt
348 1031 380 1072 er
396 1013 470 1073 auch
491 1012 563 1072 iiber
578 1012 635 1072 den
657 1011 820 1091 popularen
838 1008 1054 1089 Volhsglauben
1071 1011 1181 1088 Einiges

129 1100 227 1171 binzu,
240 1098 308 1159 aber
317 1098 395 1158 ohne
404 1097 468 1158 dals
481 1104 569 1158 etwas
579 1095 846 1176 Eigenthdmlicbes
857 1113 910 1155 zur
918 1095 1050 1174 Sprachc
1059 1095 1182 1169 lamae),

130 1201 188 1245 nur
208 1185 272 1244 dass
292 1200 324 1242 er
344 1181 451 1242 zuletzt
469 1183 543 1242 auch
564 1183 614 1242 des
637 1180 840 1243 etrushischen
856 1180 949 1259 Tages
971 1179 1116 1257 gedenht,
1138 1180 1181 1239 des

128 1268 294 1329 bekannten
310 1267 538 1346 prophetischen
552 1265 801 1338 Wunderhindes,
817 1265 939 1325 welches
954 1264 1007 1324 der
1023 1264 1101 1341 Saga
1114 1264 1181 1325 nach

129 1352 175 1413 bei
196 1352 347 1432 Tarquinii
369 1371 422 1413 ans
448 1353 515 1412 dem
535 1351 622 1412 Felde
644 1351 832 1429 ausgeachert
852 1349 951 1410 wurde
975 1350 1039 1409 und
1064 1349 1120 1408 mit
1138 1349 1181 1409 der

129 1437 221 1498 Natur
243 1437 294 1499 des
310 1436 417 1498 llindes
432 1438 484 1498 das
501 1437 693 1498 Greisenalter
714 1436 765 1496 der
780 1435 904 1511 Bildnng
918 1433 978 1494 und
995 1433 1181 1494 Erhenntnils

128 1522 267 1583 verband.

210 1775 280 1834 Also
306 1775 357 1834 das
384 1779 545 1850 gesammte
564 1769 740 1843 Altertbum,
767 1771 960 1848 Volhssagen,
988 1769 1107 1831 Dichter
1124 1771 1181 1830 und

127 1858 339 1937 Philosopben,
354 1857 401 1916 die
411 1856 548 1917 letzteren
561 1856 662 1916 sofcrn
677 1855 718 1915 sie
729 1856 893 1933 dberhaupt
907 1854 994 1914 einen
1006 1855 1119 1932 Anfang
1133 1855 1182 1914 der

127 1945 217 2022 llinge
233 1943 376 2022 zugeben,
398 1958 494 2001 waren
510 1940 572 2001 sich
588 1941 670 2001 darin
687 1940 777 2018 einig,
800 1941 864 2000 dass
888 1939 939 1999 des
954 1938 1115 2000 Menschen
1128 1939 1179 1999 llr·

195 2149 219 2211 3)
238 2149 318 2199 Unter
330 2151 425 2199 andern
438 2148 541 2198 Ocellus
553 2147 669 2198 Lucanus
682 2165 703 2198 c.
715 2148 738 2212 3,
752 2148 769 2215 ᾗ
780 2149 791 2198 1
806 2151 855 2200 und
868 2151 891 2199 5.

195 2216 220 2277 4)
240 2215 286 2278 Qui
304 2224 386 2265 autem
403 2217 514 2266 homines
531 2216 628 2282 aliquos
644 2217 804 2282 primigenios
824 2217 942 2267 divinitus
959 2224 1084 2267 naturave
1107 2214 1180 2266 factos

128 2283 262 2331 crederent
274 2281 463 2347 multifaciant,
477 2286 520 2334 sed
530 2285 606 2334 aliter
617 2291 692 2350 atque
703 2285 778 2335 aliter
790 2286 814 2334 in
828 2287 873 2335 hac
883 2285 1072 2334 existimatione
1082 2283 1180 2334 versati.

128 2349 190 2399 llam
203 2357 230 2399 ut
241 2350 349 2418 mittam,
362 2353 427 2418 quod
439 2350 566 2402 fabulares
579 2360 707 2418 poetarum
720 2354 841 2402 historiae
854 2350 951 2412 ferunt,
968 2353 1082 2401 homines
1094 2353 1180 2417 primos

128 2426 172 2467 aut
182 2417 324 2469 Promethei
342 2422 412 2471 molli
429 2421 482 2471 luto
500 2436 557 2470 esse
574 2419 695 2471 formatos
712 2428 756 2470 aut
768 2420 927 2470 Deucalionis
940 2419 1105 2486 Pyrrhaeque
1118 2419 1180 2468 duris

128 2486 250 2552 lapidibus
267 2503 323 2538 esse
342 2497 426 2554 natos,
450 2490 547 2555 quidam
564 2505 597 2538 ex
613 2490 674 2555 ipsis
692 2489 829 2554 sapientiae
845 2485 1035 2554 professoribus
1054 2488 1138 2536 nescio
1155 2502 1181 2535 an

126 2555 204 2618 magis
214 2564 396 2621 monstruosas,
410 2564 479 2607 certe
489 2573 537 2606 non
550 2558 630 2606 minus
641 2555 800 2606 incredibiles
810 2558 934 2605 rationum
944 2570 1046 2604 suarum
1057 2552 1183 2620 proferunt

127 2624 295 2688 opiniones—
310 2653 381 2661 --
391 2625 504 2689 Denique
514 2624 670 2687 etiamvulgo
682 2624 803 2672 creditum
813 2630 861 2685 est,
870 2630 899 2673 ut
907 2623 1021 2687 plerique
1031 2623 1182 2685 genealogoe

127 2697 244 2740 auctores
257 2699 324 2752 sunt,
337 2693 489 2756 quarundam
499 2693 608 2754 gentium
621 2707 683 2756 quae
694 2707 726 2740 ex
738 2691 880 2740 adventicia
891 2691 970 2755 stirpe
981 2706 1031 2739 non
1042 2692 1103 2753 sint,
1116 2691 1182 2755 prin-

128 2757 196 2820 cipes
209 2759 351 2819 terrigenas
365 2774 431 2820 esse,
445 2765 472 2807 ut
484 2759 507 2806 in
518 2759 602 2808 Attica
616 2766 642 2808 et
654 2760 760 2809 Arcadia
771 2757 959 2823 Thessaliaque,
972 2773 1069 2824 eosque
1082 2758 1182 2807 autoch-

129 2825 218 2873 tbonas
235 2826 385 2874 vocitarunt.
411 2823 438 2873 ln
450 2823 524 2874 Italia
536 2825 663 2891 Nymphas
681 2828 860 2893 indigenasque
874 2826 975 2876 Faunos
991 2841 1095 2875 nemora
1113 2839 1183 2890 quae·

128 2892 184 2939 dam
196 2891 309 2939 tenuisse
326 2907 375 2939 non
388 2889 490 2940 difficile
503 2893 572 2941 rudis
584 2895 741 2958 antiquorum
754 2895 890 2943 credulitas
907 2893 1013 2958 recepit.
1039 2891 1113 2942 Nunc
1125 2906 1182 2942 vero

128 2973 158 3006 ec
170 2956 287 3006 licentiae
300 2959 397 3022 poetica
411 2960 535 3023 precessit
546 2959 636 3021 libido,
649 2967 677 3010 ut
688 2962 732 3010 vix
744 2962 831 3010 auditu
842 2959 945 3010 ferenda
959 2960 1118 3023 confingant,
1129 2964 1184 3024 post

128 3025 252 3074 hominnm
264 3028 405 3075 memoriam
418 3028 592 3091 progeneratio
605 3028 653 3077 iarn
665 3029 782 3091 gentibus
795 3036 821 3078 et
832 3029 935 3078 urbibus
953 3029 1062 3078 conditis
1076 3028 1184 3077 homines

129 3107 143 3141 e
157 3099 226 3141 terra
239 3094 347 3142 diversis
360 3095 438 3144 modis
457 3096 551 3157 editos,
571 3103 599 3144 ut
610 3097 633 3144 in
647 3097 731 3146 Attica
748 3095 830 3146 lertnr
846 3097 949 3159 regione
962 3095 1141 3145 Erichthonius
1154 3108 1184 3143 ax

129 3159 236 3210 Vulcani
253 3161 347 3210 semine
363 3164 435 3211 humo
454 3170 571 3225 exortus,
589 3171 615 3212 et
631 3164 655 3212 in
669 3163 786 3213 Colchide
803 3165 846 3214 vel
859 3165 961 3213 boeotia
978 3164 1086 3212 consitis
1100 3161 1183 3224 anguis

130 3228 245 3277 dentibus
263 3230 352 3278 armati
365 3230 486 3295 sparteo,
502 3247 516 3279 c
534 3232 622 3297 quibus
638 3239 723 3281 mutua
736 3233 811 3280 caede
826 3233 891 3280 inter
904 3247 931 3279 se
947 3231 1043 3280 necatis
1061 3231 1134 3296 pauci
1146 3245 1185 3277 su·

129 3311 233 3360 parasse
246 3298 392 3360 traduntur,
405 3299 447 3362 qui
459 3299 483 3347 in
496 3301 597 3349 conditu
610 3298 751 3349 Thebarum
763 3298 854 3347 Cadmo
867 3296 961 3347 fuerint
972 3299 1130 3361 adiumento,
1142 3310 1185 3345 uec

129 3379 176 3412 non
190 3365 214 3413 in
227 3381 289 3428 agro
302 3365 477 3432 Tarquiniensi
491 3382 552 3432 puer
564 3368 655 3416 dicitur
667 3367 766 3416 divinus
785 3374 904 3415 exaratus
919 3366 1016 3415 nomine
1030 3364 1129 3426 Tages,
1145 3363 1184 3428 qui

129 3432 283 3497 disciplinam
296 3434 416 3483 cecinerit
429 3436 562 3500 extispicii,
575 3450 646 3501 quam
659 3435 804 3483 lucumones
817 3441 868 3483 tum
879 3435 997 3483 Etruriae
1010 3440 1129 3498 potentes
1142 3445 1185 3480 cx-

130 3499 295 3565 scripserunt.
321 3501 377 3564 Vgl.
388 3502 570 3567 Harpocration
583 3520 608 3553 v.
623 3496 801 3582 αὖτρχθονες,
816 3503 845 3550 οἱ
856 3495 1008 3580 Ἀθηναῖοι.
1035 3499 1187 3580 Δημασθέ-

129 3581 177 3628 vac
187 3565 218 3617 ἐν
229 3568 271 3633 τῴ
284 3573 514 3636 παραπρεσβείας
529 3567 632 3638 ,,μόνοι
649 3588 703 3636 γαρ
720 3570 777 3619 τῶν
789 3563 905 3620 πάντων
923 3563 1097 3634 αυτόχθονες
1109 3569 1187 3634 epate

129 3630 216 3683 dord‘.
242 3632 453 3704 Ἀπολλόδωρος
462 3635 491 3687 ἐν
500 3641 560 3692 τοῖς
572 3637 637 3707 περὶ
649 3639 724 3688 θεῶν
737 3636 876 3699 κληθῆναί
888 3649 975 3719 φησιν
989 3631 1092 3690 αὐτοὺς
1106 3627 1186 3684 αὐτό-

125 3705 243 3765 χθονας,
257 3700 318 3752 ἐπεὶ
327 3698 377 3768 τὴν
384 3700 488 3770 χθόνα,
501 3705 627 3755 τουτέστι
637 3704 686 3769 τὴν
697 3705 758 3769 γῆν,
772 3699 861 3769 ἀργὴν
870 3717 960 3754 ουσαν
970 3704 1080 3770 πρῶτοι
1094 3695 1187 3770 εἰργά-

131 3778 227 3817 σαντο·
243 3768 315 3819 otta
328 3766 419 3820 διὰτὸ
431 3769 471 3839 μὴ
486 3770 556 3823 εἶναι
573 3769 725 3836 ἐπήλυδας,
744 3767 758 3820 ὁ
773 3769 804 3822 δὲ
817 3769 963 3838 Πίνδαρος
978 3771 1026 3820 καὶ
1039 3765 1059 3819 δ’
1067 3765 1117 3833 τὴν
1129 3771 1186 3819 Aa·

129 3829 215 3913 vq‘l'do
232 3833 391 3899 πεποιηκώς
407 3853 497 3906 φασιν
514 3837 694 3921 Ἐραχθόνιον
705 3835 756 3889 τὸν
774 3835 933 3904 Ἡφαίστου
950 3838 980 3889 ἔκ
990 3839 1043 3904 γῆς
1054 3837 1187 3904 φανῆναι.

130 3906 299 4034 αυῖοέθένξς
312 3903 401 3956 δὲκαὶ
415 3902 544 3976 Ἀρκάδες
555 3920 638 3974 ησαν,
651 3903 688 3963 ὡς
706 3901 862 3963 Ἑλλάνικός
873 3920 957 3976 φησι,
974 3906 1021 3955 καὶ
1033 3905 1187 3972 Αἰγινῆται

128 3983 163 4016 κα
214 3985 229 4032 η
249 3987 315 4020 eros.
757 4023 759 4028 ,
