2558 4530
565 1193 619 1254 VL

178 1332 233 1412 llll
257 1331 321 1410 llll
348 1330 470 1413 Sltltl
495 1329 702 1412 utsuslull
727 1328 964 1413 lllSl’UTllTlll
990 1332 1015 1410 l.

546 1502 636 1509 ——-

65 1599 152 1662 (index
166 1599 329 1649 scholarum'
322 1616 346 1649 m
361 1601 527 1651 universitate
541 1601 667 1652 litteraria
682 1601 806 1651 Caesarea
820 1601 970 1666 norpatensi
984 1617 1030 1667 per
1041 1617 1121 1652 seme·

64 1675 120 1717 stre
135 1668 204 1733 prius
220 1669 278 1718 anni
296 1667 463 1718 rtncccxtl
481 1669 656 1719 habendarum.
681 1668 799 1735 Dorpati‚
817 1685 850 1719 ex
868 1666 966 1719 officina
982 1671 1122 1721 academica

380 1735 398 1786 l.
413 1736 439 1789 C.
453 1737 620 1788 Schnnmannr
633 1737 729 1787 viduae
748 1737 800 1800 4⁰)

497 1875 691 1884 --—..-.-—-

150 1971 215 2049 lias
236 2005 334 2048 sacras
350 1995 462 2049 veteres
479 1989 666 2068 appellabant
680 1989 821 2069 quidquid
836 1988 949 2049 riarum
965 1989 1055 2048 sacris
1072 2007 1151 2047 so-s

60 2072 189 2132 lenniter
202 2072 353 2144 faciendis,
370 2073 490 2153 pompis
506 2075 649 2136 ducendis
665 2075 844 2135 similibusve
855 2073 1008 2150 religiosae
1020 2073 1124 2132 obser·-

58 2157 185 2217 vationis
200 2158 386 2218 documentis
402 2177 517 2220 sacrum
533 2167 619 2238 atque
634 2160 744 2220 celebre
759 2168 828 2220 erat.
859 2159 891 2218 ln
904 2158 984 2218 ltalia
995 2166 1062 2217 ante
1075 2175 1123 2217 ce·

59 2249 139 2302 teras
154 2241 261 2302 nobilis
277 2250 339 2303 erat
348 2242 491 2315 Romana,
507 2263 563 2322 qna
575 2262 657 2304 sacra
670 2251 815 2322 quotquot
826 2242 976 2303 mensibus
988 2242 1124 2303 fereban-

59 2333 110 2387 tur
136 2326 167 2386 in
195 2344 290 2387 arcem
314 2334 343 2386 et
364 2345 417 2404 per
439 2346 526 2405 quam
550 2346 674 2404 augures
698 2347 732 2387 ex
755 2346 820 2387 arce
842 2327 968 2404 profecti
991 2327 1126 2388 solebant

59 2411 252 2488 inaugurare,
275 2417 308 2468 ut
322 2410 361 2469 ait
381 2410 470 2470 Varro
488 2411 523 2470 de
536 2411 606 2488 ling.
621 2410 669 2470 lat.
685 2411 721 2483 V,
741 2412 781 2469 47
798 2411 842 2470 ed.
858 2411 991 2482 Mueller,
1005 2412 1049 2470 vel
1065 2429 1124 2487 quo

59 2495 168 2556 itinere
189 2494 345 2553 utebantur
369 2494 537 2554 sacerdotes
560 2495 680 2555 idulium
701 2512 853 2555 sacrorum
875 2494 1125 2554 conficiendorum

59 2596 163 2650 causa,
187 2585 307 2638 auctore
327 2579 415 2638 Festo
439 2598 464 2639 v.
488 2598 601 2639 sacram
624 2579 707 2639 viam.
744 2579 778 2638 ln
800 2578 920 2639 Graecia
943 2578 1029 2638 simili
1048 2578 1126 2639 fama

58 2663 184 2724 ilorebat
199 2681 241 2736 ea,
257 2681 312 2741 qua
327 2663 458 2723 Athenae
470 2664 723 2742 coniungebantur
734 2682 800 2725 cum
813 2663 958 2736 Eleusine,
972 2663 1124 2724 sanctissi-

60 2749 118 2811 mis
135 2747 285 2827 mysteriis
300 2747 538 2821 celebratissima,
554 2749 660 2828 quibus
677 2768 742 2810 curn
758 2767 819 2810 non
836 2749 933 2809 solum
949 2748 1055 2810 civium
1070 2754 1123 2808 nt-

58 2834 197 2906 ticorum,
214 2851 313 2894 verum
330 2833 417 2893 etiam
439 2841 605 2895 exterorum
621 2835 758 2912 permulti
736 2835 757 2895 t'
774 2834 932 2932 quotannis
947 2834 1055 2896 initiari
1070 2854 1122 2894 so-

58 2921 166 2989 lerent,
188 2925 286 2979 tantus
309 2919 449 2997 splendor
468 2926 605 2998 tantaque
627 2919 752 2996 dignitas
767 2928 830 2981 tum
846 2921 876 2981 in
893 2920 1036 2999 oppidum
1053 2919 1122 2980 illud

61 3022 193 3076 sacrum
213 3011 275 3064 tum
292 3002 322 3062 in
336 3003 411 3064 viam
433 3021 539 3105 pua
504 3004 572 3064 illuc
586 3004 760 3083 pergebatur
775 3005 1003 3077 redundaverat,
1023 3012 1056 3065 ut
1070 3022 1124 3082 per

60 3088 257 3190 spicellentiam
270 3096 422 3149 vocaretur
429 3108 510 3191 ιερα
500 3080 648 3165 ὁδός,ν.
664 3089 805 3192 Harpoor
817 3111 843 3150 r.
857 3081 929 3193 ὶερα
920 3080 1048 3162 ὃδός’
1034 3107 1124 3150 εστιν

59 3160 99 3255 ἣν
125 3163 161 3232 οἱ
186 3166 311 3252 μύσται
332 3166 533 3255 πορεύονται
555 3166 625 3235 circo
647 3177 705 3235 τοῦ
728 3167 846 3248 ἄστεος
868 3169 914 3236 ἐπ
916 3166 1122 3235 ''Etevoiao

59 3205 250 3336 lismpabant
264 3265 359 3318 autem
375 3258 490 3319 hano
465 3277 540 3319 viam
557 3279 623 3320 cum
640 3260 701 3320 aliis
717 3259 921 3320 occasionibus
938 3258 1040 3328 sacris,
1060 3264 1122 3317 tum

61 3341 216 3403 Eleusiniis
237 3344 364 3421 magnis,
387 3361 460 3421 quae
481 3345 511 3403 in
532 3362 664 3404 mensem
679 3344 928 3404 Boedromionem
949 3340 1124 3413 incidebant

62 3426 146 3486 ouius
160 3427 292 3488 festit
242 3435 292 3488 ant
294 3447 309 3488 e
327 3434 371 3488 cet
373 3446 439 3488 eros
456 3429 517 3489 dies
534 3428 663 3488 solennis
679 3434 741 3487 erat
756 3427 797 3496 is,
805 3426 864 3524 qui
883 3426 1005 3486 lacobus
1022 3425 1122 3503 appel-

60 3511 181 3585 labatur,
197 3512 246 3591 qui
262 3519 325 3572 erat
312 3512 417 3572 tillius
432 3514 544 3572 mensis
560 3512 714 3571 vicesimus
731 3502 762 3589 lai
787 3502 904 3587 ciudgl:
922 3508 1042 3586 quodie
1059 3509 1122 3571 lac-

60 3598 150 3658 chum
163 3598 250 3659 deum
265 3596 501 3675 frequentissima
515 3614 626 3674 pompa
640 3595 823 3672 maximaque
840 3612 906 3654 cum
921 3593 1062 3671 religione
1078 3604 1121 3655 at·

59 3701 116 3760 que
131 3682 269 3743 festiviat
228 3689 286 3743 e
301 3680 468 3741 Eleusinem
485 3679 674 3751 deducebant,
690 3698 714 3740 v.
732 3679 808 3740 Plut.
824 3699 850 3739 v.
868 3679 959 3738 Phoc.
980 3698 1004 3738 c.
1020 3679 1077 3754 283
1095 3699 1120 3740 v.
1138 3701 1152 3739 l

58 3766 169 3828 Camill.
188 3787 212 3827 c.
231 3767 279 3827 19.
309 3763 470 3826 Accedebat
490 3772 586 3824 autem
602 3764 636 3824 ad
652 3764 888 3842 superstitiosam
904 3764 981 3825 illam
996 3764 1057 3825 viae
1075 3767 1120 3826 di-

59 3854 215 3930 gnitatem,
240 3853 317 3930 quod
334 3850 464 3910 Athenae
484 3850 538 3909 hac
556 3848 618 3927 ipsa
642 3850 685 3908 vel
700 3850 824 3909 maxime
840 3869 906 3910 oum
923 3850 1121 3911 adiacentibus

60 3937 226 3998 civitatibus
243 3937 404 4013 ceterisque
420 3933 539 3995 Graecis
555 3934 788 4006 continebantur,
803 3941 836 3994 ut
849 3935 874 3994 si
886 3936 951 4014 quis
965 3937 1120 4014 Megaram,

59 4021 236 4083 Corinthum
258 4028 343 4098 atque
363 4021 393 4080 in
408 4019 660 4099 Peloponnesum,
682 4020 707 4081 si
728 4020 856 4098 Delphos
877 4030 962 4099 atque
977 4021 1007 4079 in
1022 4026 1121 4096 partes
