2558 4530
174 334 225 388 104
532 331 579 383 lle
603 295 821 396 Proxiphane

173 491 209 552 de
224 488 403 550 carminibus
418 486 580 566 pangendis
596 485 777 563 singulisque
791 485 888 564 poetis
909 484 1101 545 mandaretur
1118 485 1232 564 discep-

148 569 151 572 ’
173 574 255 647 tatio,
265 590 352 633 nemo
367 572 450 632 facile
461 572 568 632 infitias
580 571 675 644 irerit3
689 588 786 649 neque
800 570 828 629 in
841 570 898 629 boc
910 569 1055 647 quispiam
1068 571 1232 641 offenderit,

175 658 253 739 quod
263 658 414 718 Platonem
426 657 553 717 lsocrate
562 655 742 715 familiariter
753 662 882 716 utentem
894 656 1024 724 finxerat,
1038 674 1116 733 quos
1129 655 1232 715 duum-

174 744 252 804 riros
284 749 345 804 arta
377 740 589 801 consuetudine
620 739 734 799 iunctos
763 740 857 799 fuisse
888 757 955 799 cum
982 739 1077 817 ipsius
1105 739 1231 801 Platonis

173 828 324 889 Phaedrus
343 827 409 886 loco
430 825 586 886 notissimo
606 842 635 902 p.
656 822 717 883 278
737 832 808 884 extr.
829 825 1013 897 testificatur,
1034 832 1099 884 tum
1121 825 1232 886 aliunde

174 914 245 974 satis
272 912 359 972 bonis
385 909 620 982 testimoniis24)
648 917 744 968 ratum
770 918 856 987 atque
882 909 1087 969 confirmatum
1110 918 1165 969 est.
1199 912 1232 970 lt

130 1015 155 1058 ra
175 997 323 1058 enimvero
345 1001 460 1055 constat
480 994 555 1053 inter
569 992 777 1071 Peripateticos
798 1001 827 1053 et
841 993 998 1053 lsocratios
1018 1001 1079 1053 tam
1099 994 1230 1054 acerbam

173 1082 242 1143 inde
262 1080 297 1140 ab
318 1080 392 1158 ipsis
411 1078 563 1157 utriusque
582 1077 779 1138 successionis
798 1077 980 1156 principibus
1000 1079 1149 1138 exarsisse
1163 1097 1231 1138 con·

173 1166 334 1228 tentionem
365 1171 451 1242 atque
479 1163 673 1236 inimicitiam,
704 1170 735 1222 ut
764 1162 982 1240 Praxipbanem
1006 1163 1231 1241 Peripateticum

174 1250 250 1312 illius
270 1267 397 1328 persona
418 1267 506 1308 usum
526 1267 591 1307 esse
605 1247 765 1326 permirum
781 1247 881 1325 utique
896 1246 1040 1318 videatur,
1063 1266 1153 1326 quem
1173 1248 1231 1326 ipse

175 1334 345 1395 Aristoteles
371 1333 456 1393 etiam
481 1333 606 1394 dicteriis
626 1332 779 1392 lacessisse
798 1332 996 1404 tradatur25).
1032 1332 1129 1404 Quam
1151 1333 1230 1393 dubi-

174 1419 315 1480 tationem
329 1419 464 1498 equidem
479 1436 539 1478 non
555 1418 637 1478 rideo
653 1418 814 1496 quomodo
828 1415 989 1494 expediam,
1005 1416 1063 1477 nisi
1075 1417 1231 1477 Isocratem

176 1512 225 1566 aut
240 1504 279 1564 ita
293 1503 443 1563 inductum
461 1522 527 1563 esse
542 1510 720 1572 statuamus,
741 1509 773 1562 ut
794 1502 907 1562 decreta
927 1501 990 1562 eius
1009 1501 1229 1581 repudiarentur

175 1607 209 1650 ac
223 1589 420 1648 refellerentur
429 1591 441 1627 ²
450 1590 492 1662 6),
513 1595 562 1648 aut
576 1587 788 1665 Praxipbanem
809 1586 995 1664 suspicemur
1008 1586 1039 1647 in
1053 1587 1100 1647 his
1117 1587 1231 1647 liberio-

175 1689 237 1732 rem
252 1672 437 1750 disciplinam
452 1679 585 1732 secutum
601 1690 679 1742 esse,
700 1678 733 1731 ut
750 1671 851 1731 missis
867 1671 942 1743 istis,
959 1671 1065 1750 quibus
1082 1690 1136 1732 sua
1152 1679 1232 1750 atquc

176 1756 313 1834 opposita
333 1755 431 1815 schola
452 1774 517 1815 sese
535 1755 657 1815 invicem
677 1755 841 1827 irritabant,
861 1757 1071 1817 sententiarum
1093 1757 1232 1828 divortiis,

176 1840 241 1919 ipse
260 1840 348 1899 docto
368 1847 397 1898 et
417 1839 531 1899 amabili
552 1839 622 1899 artis
644 1841 787 1900 oratoriae
803 1841 942 1918 magistro
958 1849 1072 1901 tantum
1088 1841 1233 1914 tribueret,

175 1932 209 1987 ut
223 1943 290 1985 cum
306 1923 485 2002 philosopho
501 1924 669 1996 reverendo,
685 1925 734 2002 qui
749 1933 777 1985 et
792 1925 855 2002 ipse
871 1926 987 2003 poetico
1003 1926 1144 1987 instinctu
1159 1927 1231 1987 fere-

174 2008 274 2083 batur,
291 2009 327 2069 de
342 2009 504 2069 carminum
520 2009 633 2068 ratione
648 2016 677 2068 et
691 2010 921 2088 proprietatibus
936 2011 1118 2089 singulorum
1130 2019 1233 2089 poeta-

175 2113 242 2157 rum
257 2094 490 2155 confabulantem
505 2094 599 2153 facere
614 2111 673 2153 non
691 2094 843 2155 dubitaret.

260 2179 341 2238 itlius
367 2177 431 2237 libri
458 2178 631 2238 memoriam
658 2179 780 2238 servavit
804 2180 994 2240 Philodemus
1017 2180 1180 2258 Epicureus
1205 2181 1233 2240 in

174 2262 340 2340 fragmento
356 2258 433 2339 περὶ
457 2255 665 2345 ποιημάτων,
683 2265 760 2342 quod
777 2283 811 2323 ex
826 2264 1023 2325 voluminibus
1039 2265 1233 2326 Herculanen-

175 2347 257 2407 sibus
273 2346 379 2407 Oxonii
394 2346 499 2408 formis
514 2347 733 2426 lithograpbicis
748 2350 896 2427 expressis
908 2368 1003 2428 nuper
1013 2349 1135 2410 Parisiis
1149 2349 1234 2410 edidit

174 2431 207 2492 F.
223 2431 409 2504 Duebnerus,
436 2451 464 2510 p.
488 2432 540 2493 13:
561 2428 777 2516 Πραξιφάνης
805 2425 933 2516 δ’ἕτερα
959 2428 1018 2537 μέν
1043 2454 1119 2494 τινα
1147 2431 1233 2515 λέγει

175 2511 256 2594 περὶ
277 2513 336 2600 τῆς
357 2508 474 2598 ἀρετῆς
488 2511 523 2578 ἒν
536 2515 585 2599 τῷ
600 2513 723 2600 πρώτῳ
738 2513 818 2599 περὶ
833 2539 1043 2601 ποιημαιωνε
1061 2521 1143 2598 quod
1160 2537 1231 2598 opus

175 2619 212 2663 an
226 2602 304 2662 idem
318 2602 405 2662 fuerit
420 2621 485 2663 cum
502 2603 649 2681 colloquio
664 2603 711 2663 illo
724 2603 855 2663 Platonis
868 2610 954 2682 atque
965 2605 1103 2665 Isocratis
1116 2604 1148 2664 in
1159 2612 1232 2666 tanta

175 2687 337 2746 memoriae
352 2686 529 2746 obscuritate
545 2688 645 2764 quaeri
661 2686 777 2764 quidem
794 2695 902 2765 potest,
919 2689 970 2748 sed
986 2689 1063 2749 nulla
1080 2708 1148 2750 cum
1165 2709 1232 2768 pro·

175 2768 337 2840 habilitate,
358 2770 531 2847 praesertim
552 2788 618 2830 cum
634 2771 709 2831 illius
724 2773 824 2832 aetatis
842 2773 1001 2850 scriptores
1018 2781 1047 2834 et
1061 2774 1144 2835 libris
1160 2775 1232 2835 fera-

56 2875 58 2884 ·
132 2866 159 2907 re
176 2851 288 2910 cissimi
303 2871 369 2911 esse
383 2852 512 2912 solerent
526 2861 555 2913 et
569 2854 645 2913 idem
661 2865 864 2932 argumentum
885 2858 1017 2935 pluribus
1033 2859 1146 2920 variare
1163 2858 1232 2920 scri-

176 2933 336 3013 ptionibus,
351 2936 438 2995 veluti
453 2936 516 3014 ipse
528 2938 699 2999 Aristoteles
714 2946 741 3000 et
757 2941 792 3000 de
806 2942 919 3019 poetica
935 2943 1053 3023 scripsit
1068 2951 1097 3004 et
1113 2945 1149 3005 de
1163 2963 1231 3024 poe-

175 3018 263 3078 matis
279 3025 307 3078 et
322 3019 357 3078 de
372 3021 467 3097 poetis
478 3021 537 3097 27).
954 3060 957 3067 -

244 3152 287 3216 24)
306 3152 435 3205 Dubitevit
451 3155 482 3206 de
499 3158 551 3221 bec
560 3155 731 3209 familiaritate
744 3161 868 3227 Scuppius
887 3165 911 3213 iu
925 3163 1065 3214 Zimmerm.
1080 3163 1204 3215 Zeitsclrr.
1216 3162 1232 3213 f.

175 3218 286 3270 Altertlr.
302 3219 400 3272 183511.
412 3223 444 3272 50
455 3241 477 3289 p.
488 3223 546 3288 407,
557 3227 602 3275 sed
611 3229 765 3289 argumentis
775 3246 860 3294 parum
871 3232 972 3294 idoneis,
982 3247 1007 3282 v.
1018 3229 1048 3281 lt.
1059 3231 1103 3282 Fr.
1111 3232 1232 3282 Hermann

175 3287 197 3367 ¹:
206 3304 228 3337 c.
241 3304 264 3354 p.
280 3287 327 3337 123
341 3296 368 3369 ct
375 3290 437 3372 ‚⁵6⁷⁹
461 3291 576 3373 Ceterum
585 3295 750 3376 memorabile
763 3299 927 3380 qqod‘uarrat
940 3300 1011 3379 Diog.
1022 3299 1050 3348 L.
1062 3298 1109 3362 lv,
1128 3299 1144 3349 2
1155 3301 1231 3365 Speu-

174 3362 1060 3497 illllltltlltttlltl{.tl.²lltllttl.l.⁷lttt'ttlltl
1070 3381 1232 3501 llttttl

174 3490 304 3554 tinuerint,
317 3493 381 3572 unde
393 3494 489 3545 dixeris
503 3497 613 3558 origines
626 3499 788 3562 epistolarum
801 3501 985 3551 Platonicorum
1003 3503 1156 3566 repetendas
1170 3516 1231 3563 esse,

175 3559 326 3675 bilichilde
337 3561 736 3694 ll..¹'}',t.llltl..¹¹.¹lt‘⁸ll³
748 3567 979 3685 lllllltlltl
987 3585 1018 3685 vi
1021 3569 1029 3618 ¹
1046 3567 1232 3686 llll‘ldt

175 3690 228 3755 ipsc
241 3693 577 3820 {entsb'eufflzpfeclffiitttatbitt
589 3669 692 3814 quos'qrqri
705 3671 795 3752 iudicia
804 3703 834 3750 ab
848 3704 934 3752 eodem
947 3719 970 3768 p.
983 3652 1200 3765 botpellegabtbr.

236 3824 284 3902 36]
304 3797 515 3903 [δ’ἰοιΗοιιοΙίᾶθε.
526 3781 644 3881 Pontipcns
661 3834 685 3881 in
696 3782 828 3898 sdliiilogom
842 3836 907 3904 περὶ
918 3833 1021 3902 ἡδονῆς
1033 3837 1170 3902 Epicurum
1182 3854 1231 3889 κω-

175 3903 264 3957 μικως
275 3892 404 3942 rnduxrsse
417 3893 505 3961 fertur,
518 3897 589 3960 Diog.
603 3899 630 3948 L.
645 3900 676 3965 V,
689 3900 730 3964 88,
743 3901 774 3951 cf.
787 3901 892 3954 lfriscbe
906 3906 923 3954 l.
936 3906 953 3954 l.
967 3922 990 3969 p.
1004 3904 1072 3968 328.]

243 3955 284 4020 27)
303 3958 334 4008 V.
348 3958 394 4010 Ad.
408 3962 483 4012 Stabr
494 3965 517 4013 in
530 3964 620 4014 Auncl.
633 3966 784 4018 Halensibus
796 3986 818 4020 a.
831 3971 895 4021 1839
905 3988 945 4022 no.
955 3973 1003 4021 nol
1011 3988 1064 4038 sqq.
1083 3972 1136 4035 [Fr.
1150 3972 1233 4023 nitier
