2558 4530
178 373 230 427 122
583 372 630 425 De
653 371 706 424 via
729 386 826 425 sacra

175 550 252 594 rum.
282 528 414 606 Namque
429 528 478 589 ubi
498 546 578 589 nnnc
593 547 658 589 rara
673 528 803 589 aedilicia
818 527 1055 606 conspiciuntur,
1073 548 1107 590 ea
1123 537 1237 592 constat

179 617 248 677 olim
269 614 367 673 multis
388 612 459 674 vicis
476 613 653 675 suburbanis
670 612 854 674 celeberrima
869 614 963 674 fuisse
979 622 1120 692 grataque
1135 616 1236 677 horto-

177 720 254 772 rum,
270 697 394 769 aedium,
407 699 593 778 templorum,
606 706 849 759 ornamentorum
863 699 986 778 denique
998 701 1135 760 omnium
1148 702 1235 762 varie—

178 783 395 847 taledistincta·

135 889 161 928 ro
263 869 321 930 Sed
344 886 501 946 pergamus
521 868 708 947 antiquorum
727 886 850 946 operum
872 867 991 946 vestigia
1006 868 1081 929 duce
1095 871 1237 931 Pausania

178 956 315 1033 relegere.
346 952 490 1013 Memorat
508 953 555 1013 ille
574 961 690 1031 praeter
710 952 842 1031 sepulcra
856 954 985 1032 primum
1002 952 1122 1014 demum
1139 955 1236 1016 Lacia-

178 1042 281 1102 darum
302 1057 368 1099 cum
393 1038 496 1098 sacello
517 1037 609 1110 Lacii,
629 1038 727 1098 herois
743 1038 894 1117 epnnymi,
917 1038 1032 1109 deinde,
1052 1039 1102 1099 ubi
1125 1039 1184 1101 iam
1204 1041 1236 1101 ad

177 1124 352 1204 Cephissum
368 1121 488 1192 accedit,
501 1141 580 1183 aram
593 1123 716 1202 Zephyri
728 1131 757 1183 et
768 1123 920 1183 delubrum
932 1123 1044 1184 Cereris
1057 1131 1145 1203 atquc
1156 1125 1236 1197 filiae,

177 1211 354 1290 quibuscum
369 1225 427 1268 una
444 1207 612 1269 colebantur
625 1209 751 1268 lllinerva
767 1216 796 1268 ct
810 1208 973 1287 Neptunus.
1004 1209 1117 1270 Eodem
1133 1211 1163 1271 in
1173 1211 1234 1271 loco

177 1294 310 1374 perhibet
325 1292 458 1353 Cererem
479 1295 591 1354 narrari
607 1293 675 1353 olim
692 1313 708 1353 a
723 1293 843 1372 Phytalo
859 1293 987 1372 hospitio
1004 1302 1157 1372 exceptam
1174 1315 1235 1356 esse

177 1379 346 1459 hospitique
370 1378 417 1438 fici
437 1378 513 1456 stipe
535 1378 642 1439 donata
656 1378 779 1457 gratiam
793 1379 937 1438 retulisse.
968 1377 1152 1441 Documento
1175 1400 1235 1442 esse

178 1466 256 1545 quod
273 1465 303 1524 in
319 1463 454 1541 sepulcro
471 1464 582 1542 Phytali
597 1464 777 1542 insculptum
793 1464 904 1541 legatur
919 1463 1115 1541 epigramma:

262 1540 380 1610 tvadd’
404 1539 487 1621 ὂίναξ
508 1543 594 1631 ἥρως
617 1541 769 1620 Φύταλός
791 1567 876 1609 ποτε
899 1542 1018 1622 δέξατο
1040 1545 1162 1632 σεμνήν

262 1626 450 1736 Δήμητραν,
474 1624 530 1693 ὅτε
551 1635 684 1714 πρῶτον
706 1625 842 1714 ὀπώρας
862 1629 991 1713 καρπὸν
1013 1625 1139 1718 ἔφηνεν,

262 1706 302 1822 ἢν
321 1715 415 1799 Ιερᾶν
437 1718 544 1799 Συκῆν
566 1719 699 1800 θνητῶν
721 1712 813 1797 γένος
835 1711 1034 1796 ἕξονομάζει.

264 1798 300 1878 εξ
321 1789 359 1863 οὗ
382 1797 421 1885 δή
445 1798 546 1879 τιμὰς
568 1795 721 1862 Φυτάλου
744 1797 835 1881 γένος
857 1795 948 1878 ἔσχεν
971 1795 1109 1886 ἀγήρως.

178 1888 286 1949 Deinde
301 1887 331 1948 in
346 1887 412 1966 ipso
429 1886 529 1946 limine
544 1887 654 1964 pontis,
671 1906 730 1964 quo
746 1886 905 1966 Cephissus
921 1887 1094 1966 iungebatur
1110 1883 1202 1971 (πρὶν
1216 1877 1237 1970 ἢ

179 1969 337 2057 διαβῆναι
360 1967 416 2032 τὸν
430 1965 638 2055 Κηφισσόν),
663 1973 798 2032 meminit
816 1973 1002 2033 monumenti
1023 1973 1188 2046 Theodori,
1210 1980 1237 2033 et

177 2067 300 2138 propter
313 2057 393 2117 littus
409 2057 487 2115 lluvii
503 2050 575 2131 (ἐπὶ
585 2054 633 2137 cqi
648 2059 802 2138 ποταμῷ)
820 2058 878 2119 duo
894 2058 1049 2118 simulacra
1064 2059 1159 2136 posita
1171 2078 1237 2119 esse

178 2151 290 2214 narrat,
306 2143 427 2201 alterum
443 2141 668 2213 Mnesimachac‚
692 2143 815 2202 alterum
832 2143 944 2203 iuvenis
960 2142 1104 2220 Cephisso
1119 2163 1236 2225 κουρο-

179 2222 293 2309 τρόφῳ
317 2224 428 2285 crinem
451 2243 538 2285 suum
562 2225 758 2287 detondentis.
793 2227 832 2287 lle
852 2229 938 2288 demo
954 2228 1145 2289 Laciadarum
1168 2229 1236 2290 nihil

180 2310 376 2371 adiiciendum
398 2309 454 2370 nisi
474 2311 554 2389 quod
575 2320 697 2390 propter
717 2330 854 2390 raparum
876 2314 1053 2373 feracitatem
1071 2315 1099 2374 in
1117 2333 1234 2392 prover·

178 2394 259 2456 bium
280 2395 400 2466 abierat,
427 2414 452 2456 v.
473 2396 673 2476 Parocmiogr.
693 2416 734 2475 gr.
756 2397 801 2456 ed.
823 2418 837 2457 a
862 2398 990 2458 Leutsch
1010 2406 1037 2458 et
1057 2398 1234 2460 Schneidew.

177 2500 206 2560 p.
222 2481 294 2543 467.
325 2481 366 2541 De
381 2481 470 2541 heroe
485 2482 570 2542 Lacio
587 2483 679 2543 varias
693 2483 874 2542 coniecturas
886 2491 1109 2560 proposuerunt
1118 2485 1232 2546 Muelle-

177 2585 228 2628 rus
240 2567 309 2628 Dor.
325 2567 347 2638 Ι,
364 2565 432 2639 113,
447 2566 580 2645 Prolegg.
597 2566 717 2646 mythol.
730 2586 759 2645 p.
776 2566 834 2628 138
848 2586 902 2645 sq,
915 2568 1047 2628 Welcher
1058 2569 1094 2628 de
1106 2570 1177 2649 cycl.
1190 2588 1232 2647 ep.

178 2671 207 2730 p.
225 2652 302 2720 209;
322 2652 357 2711 cl.
378 2651 548 2711 Grotelend.
571 2651 607 2710 de
628 2651 703 2712 dem.
726 2671 754 2731 p.
772 2652 830 2723 293
852 2652 902 2713 33,
934 2652 972 2712 lie
992 2652 1088 2714 forma
1109 2655 1234 2715 nominis

177 2729 359 2794 Λακιάδαι
380 2754 405 2792 v.
422 2735 635 2795 Westermann.
653 2736 688 2795 ad
703 2737 789 2797 Leal.
807 2737 842 2796 de
858 2738 934 2797 dem.
950 2738 1006 2798 htt.
1023 2757 1051 2814 p.
1072 2739 1148 2812 1393
1167 2739 1233 2800 229.

178 2818 276 2896 Stipes
296 2818 341 2877 illa
363 2817 424 2887 lici,
449 2837 535 2896 quam
558 2820 684 2897 primam
701 2821 787 2882 Ceres
808 2829 930 2901 propter
950 2823 1111 2901 hospitium
1128 2823 1235 2904 Phytali

177 2921 349 2982 procreasse
373 2901 534 2973 dicebatur,
563 2912 685 2966 aetatem
709 2907 814 2967 tulerat
835 2913 1009 2967 attestante
1031 2908 1235 2986 epigrammate

125 3038 127 3041 .
177 2986 334 3048 vocabatur
345 2977 429 3066 Ἱερὰ
450 2983 546 3070 Συκῆ,
569 2989 701 3050 similiter
716 2999 803 3069 atque
815 2991 887 3052 lcari
899 2992 972 3063 vitis,
985 3011 1072 3071 quam
1084 2993 1173 3055 Liber
1184 3012 1234 3072 pa·

177 3080 223 3133 ter
238 3071 360 3149 primam
378 3081 496 3145 severat,
511 3075 711 3153 appellabatur
726 3068 797 3158 ἱερὰ
820 3067 967 3155 ἄμπελος
990 3077 1049 3137 sive
1065 3069 1232 3161 ἦνητορία,

177 3176 203 3215 v.
220 3157 353 3217 Eustath.
370 3176 398 3234 p.
415 3156 492 3229 871,
510 3158 559 3218 21.
590 3160 759 3221 Transierat
775 3168 871 3221 autem
887 3161 955 3221 illud
973 3179 1082 3222 nomen
1098 3162 1234 3224 etiamad

179 3261 311 3316 omnem,
328 3260 401 3320 quae
421 3242 496 3304 circa
512 3262 624 3305 sacram
640 3246 775 3306 arborem
791 3247 993 3325 templumque
1008 3246 1121 3309 Cereris
1138 3248 1233 3310 aedili-

177 3485 222 3534 lait
239 3485 365 3550 toujonrs,
383 3495 409 3537 et
426 3489 463 3538 les
481 3487 611 3552 indigeries
629 3505 668 3538 me
685 3487 847 3539 declarercnt
863 3489 920 3539 d’un
937 3507 1048 3541 commun
1066 3494 1172 3556 accord,
1190 3505 1232 3557 que

175 3552 265 3616 jamais
284 3554 300 3603 il
318 3570 348 3603 ne
361 3557 488 3621 manqnait
500 3556 579 3606 d'eau.
605 3557 625 3607 ll
638 3565 692 3607 sert
706 3560 814 3622 pendant
826 3565 881 3608 tout
893 3557 954 3608 l'cte
967 3557 982 3609 l
1000 3575 1105 3609 arroser
1118 3561 1157 3611 les
1171 3562 1233 3610 deux

178 3628 247 3670 cents
256 3621 354 3684 jandins
371 3624 411 3687 qui
424 3624 531 3673 bordent
544 3640 585 3673 ses
598 3627 710 3688 rivagm,
729 3633 754 3675 et
766 3627 875 3690 pendant
887 3634 942 3676 tout
955 3627 1047 3677 l’hiver
1058 3625 1074 3677 l
1086 3627 1232 3691 l'irrigation

177 3688 221 3738 des
234 3689 345 3754 oliviers,
359 3691 419 3740 dont
432 3708 473 3741 ces
481 3691 580 3755 jandins
593 3701 651 3744 sont
663 3690 800 3758 parsemes.
827 3694 863 3743 0n
876 3711 890 3744 a
903 3693 1027 3759 pratiqnei‚
1040 3712 1105 3760 pour
1117 3697 1232 3756 condnirc

176 3754 251 3817 l'eeu,
264 3758 294 3806 de
307 3759 399 3822 petitos
412 3759 505 3821 rigoles
519 3766 545 3808 et
557 3761 601 3809 des
615 3760 717 3826 espbces
731 3763 760 3810 de
773 3760 869 3824 foss6s3
884 3761 1033 3826 l’irrigation
1046 3780 1061 3813 a
1075 3765 1124 3814 lieu
1138 3761 1154 3814 l
1162 3764 1232 3828 jours

177 3830 203 3872 et
215 3820 230 3871 l
241 3824 332 3873 henres
349 3825 427 3887 lixas,
445 3843 474 3875 en
489 3833 558 3876 sorte
575 3845 622 3894 que
635 3832 729 3893 chaque
739 3829 822 3892 jardin
841 3839 882 3880 ost
893 3829 983 3880 arrosa}
996 3833 1062 3881 deux
1075 3831 1123 3882 fois
1136 3848 1182 3898 par
1194 3846 1231 3880 se·

176 3891 265 3940 maine.
290 3891 326 3940 0n
345 3894 477 3958 comprend
494 3896 556 3944 donc
574 3912 602 3945 ce
620 3913 666 3961 qne
685 3913 713 3946 ce
726 3905 784 3947 sont
795 3914 837 3947 ces
850 3896 975 3948 fontaines
988 3901 1060 3949 vives
1072 3902 1174 3968 κρῆναι
1185 3890 1231 3950 ciii-

177 3974 257 4018 πνοι,
274 3968 301 4008 et
317 3962 438 4025 ponrquoi
454 3962 478 4010 le
495 3960 569 4027 podtc
588 3965 734 4031 (Sophocles
747 3965 765 4014 l.
779 3969 809 4027 c.)
827 3967 864 4016 les
878 3964 979 4032 daipeint
991 3968 1067 4018 ainsi:
1080 3965 1231 4037 Κηφισσοιῖ

175 4021 297 4094 νομάδες
308 4027 440 4098 ῥεέθρων.
