2558 4530
130 329 161 381 12
480 330 520 382 De
539 330 690 397 Aeschyli
708 331 826 382 Pereia.

130 506 278 562 certamen
295 499 354 580 jam
376 519 409 561 eo
434 519 529 580 usque
553 499 742 562 immanitatis
763 496 860 570 crevit,
885 504 918 559 ut
943 515 1021 559 nuno
1045 503 1186 580 tanquam

129 587 252 647 duarum
273 593 415 649 vastarum
436 584 711 663 continentiumfli
729 584 865 662 Europae
890 590 919 644 et
940 583 1034 658 Asiae,
1055 602 1132 663 quae
1153 585 1186 646 de

129 670 292 750 principatu
317 691 415 734 rerum
438 672 511 733 bella
531 671 653 732 exitiosa
677 677 787 749 gerant,
806 675 953 730 certamen
973 670 1186 732 interneciuum

131 757 257 818 exsistat.
280 757 366 820 Nunc
378 757 535 819 discrimen
546 775 644 818 rerum
656 762 709 829 est,
724 771 803 816 nunc
818 754 955 833 irrumpit
970 747 989 836 ἡ
1005 773 1188 840 καταστρο

129 836 185 926 φή.
216 843 259 903 Ab
276 843 395 905 Oriente
410 842 544 921 ingentes
559 842 622 903 illae
632 841 726 920 Magni
742 839 829 919 Regis
846 839 1016 918 copiac³²)‚
1031 841 1186 914 terribiles,

128 928 232 1007 quibus
240 928 391 1006 Europam
404 947 471 989 cum
478 927 546 988 Asia
558 927 735 1008 conjungere
748 932 869 986 conatus
883 933 952 998 erat,
965 925 1118 988 machinae
1128 928 1186 1003 ³³),

128 1015 284 1075 acerrimae
300 1013 426 1091 denique
444 1013 506 1075 illae
526 1013 675 1085 cobortes,
697 1011 777 1072 omni
795 1011 974 1083 fortitudine,
995 1011 1187 1092 maximisque

88 1117 114 1158 ιε
129 1099 236 1178 opibus
249 1099 409 1160 instructae
418 1100 466 1175 ³⁴)
476 1099 770 1178 pessumdantur35).
791 1096 933 1158 Maritima
946 1096 1024 1158 clade
1036 1097 1187 1177 pedestres

128 1184 215 1245 etiam
237 1186 338 1263 copiae
357 1184 589 1263 perdunturiss).
624 1183 770 1245 Claudicat
787 1189 882 1243 totum
901 1182 1058 1261 imperium
1081 1182 1186 1246 Persa-

128 1271 265 1346 rumi'l),
285 1271 363 1349 quod
385 1272 475 1332 modo
495 1271 587 1350 copiis
604 1269 741 1331 omnibus
757 1273 786 1328 et
799 1267 958 1329 laetissima
977 1268 1067 1346 gloria
1089 1268 1186 1330 exsul·

127 1361 193 1415 tans
209 1355 244 1416 ad
259 1374 408 1418 summum
423 1356 558 1419 fortunae
573 1356 721 1434 fastigium
737 1353 971 1441 efflorueratfssl.
998 1353 1108 1415 Xerxes
1122 1373 1188 1416 om·

128 1439 213 1502 nibus
228 1442 318 1504 modo
334 1442 555 1506 innumerarum
568 1442 710 1522 gentium,
725 1439 947 1518 imperatorum,
962 1439 1145 1518 pedestrium
1161 1446 1189 1501 et

128 1528 270 1589 navalium
286 1530 498 1607 copiarum39)
514 1528 687 1588 cohortibus
709 1525 848 1586 confertis
865 1525 1004 1597 insolens,
1023 1542 1104 1586 nuno
1124 1525 1187 1586 foe-

129 1611 183 1671 dus
195 1612 344 1690 adspectu,
358 1613 470 1682 habitu,
485 1613 605 1673 fortuna
614 1629 701 1690 quam
713 1610 838 1671 maxime
846 1609 1030 1683 miserabilis,
1044 1611 1136 1672 redux
1148 1611 1188 1673 nil

129 1695 188 1756 nisi
198 1696 364 1774 pharetram
373 1697 449 1757 Susa
459 1698 611 1775 reportat4
620 1697 659 1774 ⁰).
676 1695 719 1756 db
733 1694 888 1757 Occidente
899 1695 1053 1757 horribiles
1066 1695 1187 1758 Cartha·

130 1780 306 1859 giniensium
322 1788 350 1841 et
363 1782 557 1842 Etruscorum
574 1781 674 1860 copiae
688 1798 750 1842 non
765 1780 879 1842 minore
893 1790 989 1861 strage
1009 1781 1144 1857 devictae,
1159 1788 1188 1843 et

130 1865 165 1926 ad
181 1871 340 1927 extremam
362 1884 462 1927 necem
479 1869 707 1945 oppressae41).

90 1962 116 2002 2⁶
214 1951 285 2013 Vide
299 1951 387 2030 igitur
402 1952 531 2014 divinum
548 1952 640 2013 virum
655 1951 747 2032 qualis
764 1951 852 2014 fuerit
870 1952 900 2013 in
915 1952 1013 2014 Persis
1029 1953 1187 2032 tragoedia.

131 2095 330 2106 *nm—u·—

197 2169 239 2231 31)
251 2167 317 2219 lllud
329 2169 376 2220 sibi
387 2171 455 2220 velle
467 2169 559 2220 Aeacii.
571 2177 658 2235 aperte
670 2169 765 2219 indicat
777 2169 802 2219 in
815 2169 910 2219 somnio
923 2167 1033 2219 Atossae
1051 2170 1115 2220 mire
1132 2178 1188 2221 arte

131 2237 277 2302 composito.
301 2237 372 2288 Vidit
383 2239 445 2289 illud
458 2239 533 2288 etiam
545 2237 628 2289 Herm.
643 2254 666 2304 p.
679 2237 711 2287 95
725 2252 877 2301 „somnorna
890 2237 933 2287 illa
945 2239 1048 2287 duarum
1057 2239 1189 2289 mulierum

131 2307 227 2371 species
240 2321 288 2355 non
307 2306 403 2370 decom,
420 2323 468 2357 non
486 2308 650 2370 exercituum,
668 2307 714 2356 sed
730 2307 833 2356 duarum
851 2313 979 2357 vastarum
997 2307 1188 2371 continentium,

131 2373 1189 2499 etthireferit.trttriht‘frtttlfflssttlttt‘²·“attriti¹¹5

131 2506 216 2562 αὐτοῦ
227 2513 258 2630 ρο
273 2481 409 2578 ’anytlioam
419 2513 495 2563 Asiae
508 2461 659 2580 ethor-opa'e
667 2460 704 2563 (hx
714 2512 814 2564 Oceano
826 2459 1029 2579 procreathvrhm
1041 2461 1189 2563 ryeferendas

131 2594 187 2629 esse
200 2595 232 2629 vu
244 2587 262 2630 t.

198 2646 239 2711 32)
252 2648 403 2714 Populorum
416 2650 461 2701 sub
468 2649 557 2701 Xerxe
570 2649 720 2715 stipendium
732 2648 881 2699 merentium
894 2648 1030 2713 ducamque
1043 2656 1070 2698 et
1082 2649 1192 2715 impera-

130 2722 213 2834 torgm
225 2717 323 2767 nomina
335 2718 391 2782 plus
404 2719 482 2769 semel
494 2720 642 2770 recitantur.
667 2716 704 2767 Do
717 2717 806 2783 quibua
819 2714 852 2766 ci.
865 2715 966 2768 Sobiitz.
979 2717 1076 2782 prolgg.
1095 2718 1120 2767 in
1132 2716 1191 2769 Pro.

131 2799 145 2849 p
199 2851 240 2914 33)
254 2847 422 2923 λινόδεσμος
434 2852 534 2922 σχετλία
546 2883 580 2892 -
592 2848 666 2904 notai
687 2867 784 2922 ομφον
796 2844 911 2935 ὅδισμα.

200 2920 241 2983 34)
255 2920 372 2991 φοβεροὶ
383 2920 436 2991 μὲν
449 2921 529 2986 ἰδεῖν,
543 2921 632 2974 δεινοὶ
644 2869 783 2990 δῖμαχην
795 2928 886 2988 ψυχης
898 2919 928 2973 ἔν
939 2916 1056 2989 τλήμονι
1068 2915 1145 2991 δόξῃ.

200 2987 242 3050 35)
258 2988 375 3057 στρατὸς
387 2991 444 3047 πᾶς
454 2984 540 3042 ὄλωλε
551 2983 708 3061 βαρβάρων.

200 3055 241 3119 36)
255 3053 383 3115 ναυτικὸς
397 3054 514 3125 στρατὸς
526 3060 664 3114 κακωθεὶς
676 3054 763 3116 πεζὸν
775 3053 860 3109 ὤλεσε
873 3052 1002 3129 στρατόν.

200 3123 240 3188 37)
254 3124 305 3176 νῦν
317 3123 352 3190 δὴ
370 3127 508 3196 προτιᾶσα
525 3130 593 3194 γαῖα
603 3122 696 3181 Ἀσίας
713 3120 895 3195 ἔκκενούμενα
912 3126 1010 3179 στένει.
1025 3153 1059 3162 -
1071 3121 1193 3178 Σούσων

132 3185 203 3241 ἄστυ
215 3194 274 3245 πᾶν
285 3192 453 3262 κενανδρίαν
466 3196 601 3248 στένει-
614 3189 845 3263 διαπεπόρθηται
857 3192 890 3245 τὰ
903 3194 1023 3264 Περσῶν
1039 3188 1190 3263 πράγμαθ’

132 3255 168 3317 ὡς
179 3260 271 3314 εἰπεῖν
280 3260 356 3318 ἔπος.

200 3329 241 3393 38)
255 3327 292 3380 Cf.
304 3346 328 3381 v.
342 3329 391 3380 852
404 3346 441 3396 aq.

201 3397 242 3454 39)
256 3393 390 3466 πολύχειρ
402 3397 449 3448 καὶ
460 3393 644 3462 πολυναύτας,

199 3466 241 3528 49)
254 3466 302 3516 481
318 3482 355 3533 sq.
370 3466 419 3517 909
432 3483 470 3532 sq.
492 3466 591 3532 Quanta
603 3482 648 3532 per
660 3465 804 3516 discrimine
816 3464 909 3518 Sardes
921 3468 1084 3534 pervenerint
1096 3469 1191 3534 copiae,

132 3549 193 3598 quas
207 3549 291 3584 secum
303 3536 405 3586 reduxit
415 3534 528 3599 Xerxes,
540 3533 571 3585 cf.
585 3532 748 3584 llerod.Vlll.
765 3534 822 3598 115,
836 3535 923 3602 qnippe
937 3544 1039 3587 coactae
1052 3534 1192 3600 frondibus,

132 3600 263 3662 fructibus,
276 3603 361 3667 herba,
375 3603 511 3655 corticibus
524 3603 602 3666 vesci,
613 3616 774 3667 magnamque
792 3608 886 3667 partem
904 3605 1051 3671 dysenteria
1068 3611 1094 3654 et
1111 3606 1191 3670 pesti-

132 3670 210 3719 lentia
223 3671 289 3721 inter
305 3672 370 3723 viam
387 3672 539 3723 exstinctae.
564 3670 629 3735 Quin
646 3677 672 3720 et
689 3685 735 3720 rex
753 3671 807 3735 ipse
824 3668 979 3737 naufragium
996 3688 1044 3723 non
1058 3673 1191 3738 evitasset,

133 3739 180 3787 nisi
194 3737 287 3788 Persae
300 3741 447 3790 desilientes
460 3741 485 3790 in
498 3754 567 3791 mare
581 3753 668 3788 navem
680 3739 819 3790 levassent.

200 3807 241 3870 41)
255 3806 356 3857 Pindar.
371 3810 397 3859 P.
411 3808 429 3858 l.
444 3809 502 3859 72:

333 3877 443 3939 νεῦσον,
456 3878 594 3947 Κρονίων,
613 3869 722 3942 ἅμερον

267 3939 344 4013 ὄφρα
357 3941 413 3994 κατ’
429 3939 535 3997 ολκονὸ
551 3944 652 4001 Φοίνιξ
665 3939 680 3993 ὁ
693 3942 846 4010 Τυρσανῶν
857 3939 878 3993 τ’
892 3939 1027 4001 ἀλαλατὸς

268 4008 326 4082 ἔχῃ,
339 4016 526 4066 ναυσίστονον
537 4004 617 4081 ὕβριν
629 4008 700 4064 ἰδὼν
712 4007 763 4062 τὰν
774 4008 830 4080 πρὸ
844 4006 988 4081 Κύμας-
1000 4020 1060 4065 cett.
