2558 4530
346 376 530 431 Eleusinia
552 376 746 446 crapulano
768 378 788 432 1.
1040 379 1091 433 121
1118 363 1121 369 '

33 553 102 596 rum
117 536 268 595 immutata
284 553 360 595 esse.
390 535 507 595 Etenim
523 534 657 614 Cephissi
668 553 700 595 ea
715 551 794 594 nunc
805 534 879 595 ratio
891 542 945 609 est,
956 545 988 597 ut
998 537 1105 598 tribus.
1198 557 1201 561 ’

33 619 135 680 rivulis
155 619 230 680 viam
246 626 339 692 secet,
358 637 486 698 quorum
502 619 562 692 ille,
586 619 635 698 qui
650 619 784 698 proxime
800 619 928 680 Athenas
943 629 1000 694 est,
1020 623 1091 684 satis

33 705 123 784 pleno
139 705 218 765 alveo
234 706 329 765 fertur
343 711 372 764 ot
386 703 535 783 ponticulo
552 705 682 783 iungitur
698 697 758 765 δύο
772 697 930 787 μάρμορα
943 713 1044 767 vocato
1054 710 1093 783 ²),

33 790 64 850 in
95 788 178 850 cuius
208 789 352 850 vicinitate
380 796 474 850 exstat
502 789 622 851 ecclesia
651 789 680 850 S.
709 788 809 850 Sabae.
861 789 999 869 Sequitur
1027 802 1095 868 post

34 874 247 936 CCCLXXXlX
262 892 369 952 passus
385 879 517 952 (auctore
532 873 636 950 Gellio)
651 874 724 934 alter
738 873 858 946 rivulus,
875 875 1035 936 admodum
1051 875 1096 936 ille

32 959 132 1020 tenuis
146 960 200 1039 (cl.
216 958 345 1020 Dollwell
358 959 420 1019 itin.
433 958 459 1032 l,
481 959 509 1031 2,
526 978 555 1038 p.
572 959 633 1020 297
648 977 724 1019 vers.
740 977 831 1037 germ.
849 967 878 1020 et
892 967 962 1020 text.
978 959 1094 1040 Antiqq.

34 1044 92 1104 Att.
109 1044 154 1104 ed.
171 1043 295 1105 Darmst.
311 1062 339 1123 p.
353 1045 393 1120 7),
410 1045 515 1105 deinde
531 1052 601 1123 post
615 1043 733 1104 LXXIX
748 1062 855 1124 passus
871 1045 985 1105 tertius.
1009 1045 1096 1105 Vete-

32 1128 116 1191 ribus
132 1136 231 1189 contro
247 1129 367 1189 nonnisi
388 1147 464 1190 unus
485 1129 563 1190 tluvii
579 1129 677 1190 alveus
692 1137 779 1207 atque
793 1145 871 1190 unus
885 1147 961 1208 pons
977 1148 1095 1191 memo-

32 1221 128 1286 ratur3
156 1232 283 1293 quocum
307 1215 496 1275 coniunctum
520 1215 668 1293 estquod
691 1214 850 1293 Cephissus
873 1214 1021 1275 veteribus
1043 1233 1096 1294 per

32 1317 136 1359 muros
161 1299 267 1378 longos
294 1316 388 1377 usque
416 1300 447 1360 in
472 1307 593 1378 portum
615 1299 797 1361 Phalericum
820 1300 942 1360 fluxisse
963 1299 1096 1370 traditur,

32 1401 113 1445 nunc
138 1402 207 1444 vero
228 1384 258 1443 in
281 1384 379 1462 plures
402 1383 512 1444 rivulos
528 1383 659 1462 dilapsus
676 1384 747 1443 adeo
764 1390 941 1458 attenuatur,
965 1392 998 1445 ut
1016 1403 1095 1445 mare

32 1486 97 1529 non
112 1469 249 1546 attingat3
263 1487 289 1527 v.
305 1468 442 1547 inprimis
459 1467 554 1528 Strab.
569 1468 618 1543 lx,
634 1487 663 1546 p.
680 1469 741 1528 400
757 1464 937 1552 Κηφισσδς
957 1505 999 1512 -
1016 1463 1096 1552 ῥέων

34 1548 95 1613 διὰ
117 1549 175 1613 τοῦ
198 1546 327 1626 πεδίου,
352 1543 406 1635 ἐφ’
430 1538 469 1613 οὗ
488 1546 547 1612 καὶ
568 1545 588 1635 ἦ
611 1546 739 1635 γέφυρα
760 1549 817 1614 καὶ
839 1545 872 1615 οὶ
887 1547 1093 1636 γεφυρισμοί.

36 1632 98 1697 διὰ
121 1630 158 1696 δὲ
179 1633 244 1697 τῶν
265 1633 473 1698 σκελῶντῶν
495 1628 646 1698 ἀπὸτοῦ
668 1628 783 1711 &occos
806 1630 853 1712 εἰς
873 1634 930 1699 τὸν
949 1635 1094 1722 Πειραιᾶ
1111 1663 1124 1702 s

34 1714 250 1804 καθηκόντων
271 1713 450 1783 ἐκδίδωσιν
472 1714 519 1794 εἰς
540 1717 579 1784 νδ
602 1716 797 1805 cataplum,
813 1717 1041 1807 χειμαρρώδης
1054 1719 1093 1785 τδ

32 1800 152 1882 πλέον,
183 1802 302 1889 θέρους
332 1801 370 1868 δὲ
394 1803 550 1886 μειοῦται
571 1799 696 1881 τελέως.
742 1809 883 1882 Quocirca
904 1808 1095 1888 probabiliter

32 1891 156 1953 Leakius
183 1891 396 1970 antiquioribus
424 1891 607 1970 temporibus
631 1892 777 1954 existimat
798 1894 917 1953 lluvium
940 1893 1094 1972 aggeribus

32 1977 170 2056 utrinque
191 1977 337 2056 oppositis
362 1995 421 2037 uno
444 1978 523 2037 alveo
547 1978 704 2038 coercitum
727 1997 793 2038 esse
816 1980 1004 2056 minoresque
1026 1977 1096 2037 indo

33 2062 142 2122 rivulos
158 2063 366 2141 atquecanales
379 2063 499 2123 nonnisi
511 2057 615 2141 magna
628 2081 693 2123 oum
708 2063 972 2141 circumspectione
984 2062 1013 2121 in
1025 2063 1096 2121 bor·

33 2154 81 2208 tos
103 2147 243 2208 deductos
263 2166 345 2220 esse3
368 2165 442 2226 quae
462 2166 531 2208 cura
547 2166 613 2207 cum
626 2165 679 2226 per
693 2147 909 2226 insequentium
925 2154 1095 2225 temporum

33 2232 134 2292 turbas
149 2232 322 2310 refriguerit,
334 2232 445 2291 factum
461 2250 527 2291 esse
541 2239 574 2291 ut
585 2232 689 2292 lluvius
700 2232 928 2310 liquescentibus
942 2231 1095 2309 aggeribus

34 2318 114 2395 ripas
128 2335 195 2377 suas
205 2316 420 2377 transcenderit
430 2316 518 2393 inque
530 2316 626 2376 varios
636 2317 763 2376 alveolos
773 2316 951 2395 exspatiatus
964 2325 1096 2393 stagnare

35 2401 215 2481 coeperitll.
249 2400 302 2460 His
322 2406 443 2459 naturae
463 2399 673 2459 mutationibus
695 2399 768 2459 adde
787 2401 962 2460 vastationes
977 2408 1097 2478 tempo-

34 2533 240 2542 ...—--—-

106 2599 131 2653 rt
151 2599 192 2648 Sic
205 2607 260 2649 orat
272 2599 425 2665 temporibus
439 2599 613 2649 dominationis
626 2599 757 2663 Turcicae‚
767 2600 809 2649 ubi
820 2598 917 2650 Gellius
928 2600 972 2650 hus
982 2601 1097 2664 regiones

35 2667 181 2732 descripsit.
211 2667 282 2718 Nunc
300 2683 365 2718 nova
383 2668 415 2717 ibi
432 2668 472 2717 via
490 2675 571 2717 strata
587 2675 638 2728 est,
656 2668 747 2717 fluvius
764 2684 829 2718 novo
847 2675 922 2734 ponte
940 2670 1050 2733 iunctus,
1070 2685 1093 2720 v.

34 2735 141 2787 Fiedler
152 2734 228 2784 Reise
245 2737 323 2784 durelr
341 2735 525 2786 Griecbenlenrl
538 2734 555 2799 l,
568 2752 592 2801 p.
606 2736 651 2786 80:
675 2736 728 2785 Don
740 2737 845 2804 ἴ161οοί
860 2735 924 2786 1836
937 2738 1045 2788 verliess
1058 2739 1097 2788 iclr

34 2805 128 2855 Athen.
153 2803 213 2853 Wir
224 2819 304 2866 zogen
318 2805 364 2852 den
378 2803 485 2866 heiligen
500 2802 568 2866 Weg
579 2805 641 2853 naclr
653 2804 764 2854 Eleusis.
787 2804 868 2854 Durclr
881 2806 928 2854 den
939 2806 1096 2857 Olivenwalrl

35 2869 1097 2938 undiiberdenllepbissoswareinel'este‚grade,breiteStrasseberailsabgesteclt

35 2941 86 2989 und
98 2939 238 3002 begonnen.
262 2940 304 2989 Sie
317 2940 404 2989 wurde
414 2940 437 2989 in
448 2939 590 2990 demselben
601 2941 677 2990 lubre
688 2943 750 2990 nocb
761 2942 885 3006 beendigt
895 2942 958 2992 deon
971 2945 1032 2993 auch
1043 2944 1098 2992 hier

35 3023 90 3058 war
101 3009 134 3056 im
148 3006 251 3058 Winter
268 3023 316 3057 vor
327 3007 448 3058 Scblamm
466 3009 515 3057 und
527 3008 641 3058 Lb'cbern
660 3009 710 3058 uod
728 3010 782 3059 dem
795 3010 1029 3072 angosobwollenen
1043 3009 1097 3059 lle-

35 3076 136 3141 pbissos
150 3073 187 3124 oft
199 3075 266 3125 nicht
278 3075 475 3126 fortzukommen
511 3077 553 3126 sie
566 3075 629 3140 folgt
638 3078 684 3126 der
693 3076 816 3140 lliclrtung
825 3079 869 3127 des
880 3078 988 3142 heiligen
1000 3077 1096 3140 Wegos

35 3144 86 3193 und
99 3143 157 3192 bald
169 3143 232 3192 wird
245 3144 282 3192 sie
294 3141 473 3206 durobgoliibrt
484 3145 537 3194 sein
550 3145 588 3195 bis
601 3143 718 3206 Korintb,
732 3146 781 3194 und
794 3161 821 3194 so
835 3147 892 3194 eine
905 3146 1021 3208 wiobtige
1032 3145 1097 3195 Vor-

35 3211 147 3272 blodung
160 3211 414 3274 wierlerbergestellt.

107 3278 131 3340 3)
152 3279 187 3327 De
204 3280 267 3328 dem.
280 3278 333 3328 Att.
347 3296 370 3344 p.
385 3279 441 3329 138.
465 3279 536 3329 Adue
553 3282 617 3346 quod
635 3281 754 3329 observat
770 3294 783 3327 a
797 3277 894 3328 lilenze
906 3279 1027 3343 ephorist.
1051 3278 1097 3325 Be-

37 3345 192 3408 merlmngen
204 3345 250 3396 auf
259 3348 330 3396 einer
342 3346 416 3397 lleiso
429 3349 490 3397 nach
505 3347 649 3398 Griecbeul.
663 3364 686 3411 p.
700 3347 750 3395 294
761 3362 797 3409 sq.
812 3348 866 3394 eius
879 3347 1035 3409 potissimum
1046 3351 1098 3392 tra·
1202 3395 1205 3401 ,

38 3420 108 3471 ctus,
127 3415 167 3477 qui
179 3415 260 3464 littori
272 3416 400 3480 proximus
414 3423 461 3478 est,
474 3416 555 3465 solum
568 3416 691 3464 continuis
705 3413 819 3476 Cephissi
832 3412 1035 3460 inundationibus
1048 3426 1099 3460 ma-

37 3482 125 3545 risque
141 3482 306 3532 alluvionibus
322 3484 485 3532 vehementer
500 3490 600 3531 auctum
619 3496 676 3529 esse
694 3486 720 3527 ct
737 3479 807 3540 qnasi
825 3485 1017 3540 exaggeratum
1034 3480 1099 3543 quod

36 3549 127 3615 procul
144 3551 216 3600 dnbio
234 3550 342 3600 maxime
360 3551 384 3598 in
402 3565 477 3600 causa
490 3547 549 3609 fnit,
564 3564 608 3596 our
621 3547 711 3594 ostium
725 3545 838 3609 Cephissi
851 3547 1036 3594 occluderetur.
1061 3547 1097 3596 De

37 3618 241 3668 inundationibus
258 3618 331 3666 buius
349 3618 417 3666 tluvii
434 3617 513 3680 deque
531 3615 609 3674 omni,
626 3612 706 3677 qualis
720 3628 784 3661 nunc
797 3619 850 3675 est,
868 3613 920 3662 eius
935 3619 1023 3662 natum
1035 3614 1099 3664 naua

37 3686 146 3735 alienum
159 3687 209 3735 erit
220 3686 330 3735 adiicere
344 3684 495 3732 notationem
508 3682 551 3731 Fr.
565 3680 704 3730 Thierschii
716 3682 746 3730 de
760 3677 835 3729 l’etat
847 3681 930 3730 aotuel
943 3682 972 3730 tle
982 3680 1006 3730 la
1017 3679 1098 3732 Grbce

36 3751 66 3817 ll,
76 3770 100 3819 p.
112 3753 153 3817 26,
164 3753 206 3803 ubi
220 3758 403 3803 commentatur
415 3751 495 3800 locum
505 3748 634 3813 Sophoclis
645 3747 706 3798 0ed.
717 3748 771 3798 Col.
784 3748 832 3797 717
843 3764 878 3813 sq.
893 3756 919 3798 et
931 3756 1017 3799 contra
1028 3750 1100 3801 Stra-

37 3821 127 3872 bonem
145 3829 222 3884 negat
238 3821 339 3870 llnvium
356 3818 408 3868 ullo
424 3819 530 3868 aestatis
548 3824 660 3882 tempore
678 3832 839 3866 exarescere:
861 3817 896 3866 Le
909 3814 1014 3883 Gepbiso
1032 3819 1099 3870 n'est

38 3890 92 3938 rien
104 3891 187 3940 moins
201 3887 274 3953 qu'un
288 3894 401 3948 torreut3
420 3887 439 3936 il
451 3902 479 3935 se
492 3901 607 3951 composa
619 3886 651 3935 rio
664 3885 747 3948 larges
761 3892 787 3934 et
799 3885 878 3935 belles
891 3884 1015 3937 fontaines
1028 3896 1054 3939 et
1067 3904 1098 3938 ne

38 3959 99 4007 tarit
108 3958 209 4021 jamnis.
234 3957 302 4005 Dans
315 3954 448 4005 l'outomne
462 3957 491 4004 tle
506 3953 583 4018 1831,
600 3970 632 4004 au
644 3954 705 4003 mois
718 3955 749 4003 de
761 3952 916 4014 Novembre,
931 3952 963 4006 ob
975 3956 993 4005 il
1006 3953 1099 4005 n’uvuit

38 4039 148 4091 presque
166 4040 211 4091 pas
230 4039 321 4073 encore
338 4024 393 4090 plu,
410 4020 485 4089 apres
498 4039 546 4074 une
559 4019 707 4074 stoberesse
721 4024 751 4073 de
764 4023 818 4074 buit
829 4024 891 4074 mois
904 4023 928 4073 le
941 4027 1023 4074 sseuve
1036 4037 1098 4071 oon·
