2558 4530
129 327 161 378 14
483 323 524 374 De
542 321 693 388 Aeschyli
710 321 827 373 Persis.

127 494 204 555 inter
217 491 380 553 fabulosam
396 488 482 562 illam,
504 509 590 569 quam
607 489 721 569 priores
736 489 829 549 secuti
844 494 935 559 erant,
958 487 1044 566 quasi
1064 487 1181 550 bumm-

128 579 244 640 bantur.
274 577 347 638 Nam
363 576 452 636 altera
472 595 506 636 er
525 583 608 655 parte
629 575 659 635 in
681 574 817 654 antiquis,
838 592 913 653 quae
936 571 1042 634 fabulis
1063 572 1181 635 heroicis

130 663 360 735 continebantur,
373 661 579 722 traditionibus
596 661 665 740 quid
680 660 797 732 veritas,
813 659 882 738 quid
897 658 975 720 fictio
992 666 1081 732 esset,
1102 658 1180 721 certis

127 750 290 812 rationibus
307 749 478 826 dignoscere
489 745 590 820 nescii,
605 746 633 807 id
645 753 759 807 tantum
770 745 910 818 fecerunt,
921 751 954 806 ut
965 763 1039 824 quae
1053 742 1095 806 ibi
1105 744 1181 807 fabu-

126 836 190 898 lose
205 841 235 896 et
248 830 461 915 particulariter
472 831 547 892 dicta
561 838 652 903 erant,
673 850 705 892 ea
721 848 809 904 nunc,
830 830 926 909 quoad
942 830 1005 909 ejus
1023 829 1089 890 fieri
1104 837 1181 911 pote
1218 834 1221 839 '

127 929 180 994 rat,
197 922 232 982 ad
249 927 359 981 certam
375 916 499 995 aliquam
514 917 685 978 memoriam
702 926 731 978 et
745 917 781 978 ad
794 917 946 977 universas
957 915 1090 977 rationes
1101 915 1181 978 redu·

128 1014 236 1070 carent.
263 1004 361 1065 Altera
375 1009 473 1062 autem
488 1012 625 1083 exparte,
642 1003 782 1082 quoniam
796 1002 946 1081 antiquam
958 1000 1181 1074 illanrindolen,

82 1107 84 1111 ·
128 1111 185 1172 qua
199 1090 332 1152 fabulose
347 1087 446 1149 omnia
461 1088 743 1167 effingebantur4⁵)‚
758 1106 884 1167 prorsus
899 1105 962 1148 non
976 1104 1048 1166 prae
1065 1106 1099 1149 se
1111 1087 1181 1148 ferre
1218 1150 1224 1171 ἐ

128 1176 297 1257 nequibant,
312 1175 486 1248 factumest,
501 1183 534 1236 ut
548 1175 634 1235 etiam
646 1174 691 1247 iis,
706 1192 779 1253 quae
789 1191 869 1234 nunc
880 1173 954 1234 facta
965 1179 1060 1246 erant,
1075 1172 1182 1235 descri-

128 1261 233 1324 bondis
253 1260 409 1339 mythicam
424 1262 571 1339 quandam
588 1277 799 1339 saepenumero
816 1259 943 1338 speeiem
964 1258 1183 1338 adspergerent;

128 1355 227 1410 tamen
238 1347 278 1408 ita
289 1353 322 1408 ut
333 1347 414 1419 deos,
428 1353 456 1406 et
467 1364 514 1407 res
527 1345 637 1407 divinas
649 1345 815 1424 frequenter
826 1345 1036 1416 immiscerent,
1051 1344 1142 1419 etita,
1156 1350 1184 1406 ut

129 1452 232 1496 eorum
248 1451 321 1512 quae
335 1449 414 1493 nunc
429 1439 520 1505 erant,
537 1450 640 1493 causas
657 1439 685 1494 et
698 1430 860 1510 primordia
872 1449 889 1491 a
899 1429 1043 1491 fabulosis
1056 1429 1113 1491 illis
1125 1449 1184 1492 sae

129 1520 201 1582 culis
216 1526 346 1597 repetere
360 1524 499 1578 amarent.
526 1517 625 1596 Neque
636 1517 664 1577 id
677 1524 790 1578 unium
801 1515 837 1577 iis
850 1515 960 1590 accidit,
972 1515 1022 1594 qui
1034 1515 1184 1578 historiam
1220 1462 1228 1578 ¹

128 1604 284 1675 scribendo
301 1602 427 1662 condere
443 1608 641 1680 susceperant,
663 1602 714 1663 sed
735 1602 772 1662 iis
793 1603 890 1675 etiam,
911 1601 960 1681 qui
983 1601 1114 1679 fingendi
1130 1608 1184 1663 arte
1221 1610 1228 1745 ¹

130 1689 237 1769 aliquid
251 1687 366 1747 tradere
387 1686 531 1747 volebant.
562 1687 675 1759 Quibus
688 1687 806 1749 solitum
823 1695 885 1748 erat
899 1694 929 1748 et
944 1704 1003 1760 eas,
1019 1705 1097 1766 quae
1112 1705 1184 1749 nunc
1225 1750 1228 1757 ,

89 1793 115 1834 eo
130 1775 268 1837 adversus
284 1774 389 1834 Persas
404 1779 501 1851 gestae
516 1779 598 1833 erant
611 1790 658 1833 res
674 1791 739 1834 cunr
759 1773 794 1834 iis
818 1773 1004 1853 conjungere,
1027 1790 1105 1851 quae
1121 1773 1185 1834 olim

130 1867 198 1922 ante
213 1858 347 1938 Troiam,
367 1863 396 1918 et
414 1876 504 1938 porro
520 1858 659 1919 adversus
674 1861 837 1920 Amazonas
854 1868 908 1919 cet.
928 1877 943 1918 a
963 1857 1073 1918 sanctis
1091 1858 1184 1919 heroi-

129 1946 186 2008 bus
201 1944 346 2024 praeclare
360 1950 441 2022 gesta
455 1944 638 2006 ferebantur:
660 1944 766 2024 etipsa
781 1944 827 2005 illa
842 1943 982 2018 laudosa,
998 1962 1073 2022 quae
1088 1943 1185 2024 Olym·

129 2032 186 2113 piis
208 2032 263 2093 diis
284 2049 350 2091 cum
366 2030 517 2091 Titanibus
537 2037 566 2091 et
581 2031 752 2109 Gigantibus
773 2029 973 2090 intercessisse
993 2029 1185 2091 narrabantur

130 2117 288 2179 certamina
308 2116 337 2174 in
353 2115 450 2175 medio
466 2116 656 2195 proferentes,
672 2115 825 2194 Olympios
843 2114 1036 2188 Graecorum,
1057 2114 1185 2177 devictos

131 2210 226 2264 autem
243 2201 308 2261 illos
323 2207 352 2260 et
373 2200 515 2261 immanes
531 2202 667 2281 Gigantes
683 2201 879 2261 Barbarorum
896 2207 995 2279 partes
1015 2218 1118 2278 gerere
1132 2202 1185 2262 lin-

90 2311 116 2350 eo
130 2287 303 2366 gebant4ss).
331 2284 543 2348 Historiccrum
560 2295 657 2348 autem
673 2286 937 2347 luculentissimum
956 2285 1127 2364 exemplum
1145 2294 1186 2347 est

129 2372 269 2434 Herodoti
286 2371 314 2431 in
329 2373 481 2450 prooemio
497 2372 631 2447 1‚1-6,
647 2372 724 2452 quod
741 2371 815 2433 mira
826 2373 950 2450 quadam
962 2379 991 2432 et
1002 2370 1186 2450 simplicitate

129 2467 157 2521 et
173 2457 347 2520 sublimitate
362 2458 475 2536 insigne
486 2467 539 2520 est.
570 2458 625 2520 Ubi
637 2458 684 2520 ille
695 2458 758 2520 sine
770 2457 859 2519 dubio
872 2476 934 2528 eos,
950 2456 999 2535 qui
1012 2463 1078 2518 ante
1088 2457 1185 2536 ipsum

128 2564 176 2606 aas
202 2565 251 2606 res
272 2544 438 2622 attigerant,
465 2563 599 2622 magnam
620 2552 733 2623 partem
753 2551 882 2615 secutus,
911 2535 1085 2624 διαφοράν,
1114 2562 1186 2622 quae

129 2628 246 2690 Graecis
261 2647 342 2689 nuno
356 2648 422 2689 curn
435 2629 534 2688 Persis
550 2629 756 2700 intercedebat,
772 2627 807 2687 ab
819 2627 1032 2705 antiquissimis
1043 2629 1186 2709 tempori-

130 2709 186 2771 bus
200 2711 239 2771 ita
253 2712 376 2784 deducit,
391 2719 423 2772 ut
438 2712 636 2791 amplissimus
653 2712 787 2772 omnium
799 2711 983 2775 saeculorum
995 2721 1024 2774 et
1034 2713 1186 2776 nationum

200 2907 243 2971 45)
256 2907 430 2968 Μυθοτόκος
440 2907 543 2969 Ἑλλάς.
1220 2794 1228 2929 ¹

199 2975 241 3039 46)
255 2977 328 3027 Paus.
341 2978 370 3028 11.
385 2979 424 3028 17.
435 2980 459 3030 3.
489 2983 559 3031 Diod.
572 2980 603 3031 11.
617 2982 657 3032 82.
680 2981 766 3032 Wcll.
780 2983 796 3032 l.
810 3000 830 3033 c.
858 2983 1012 3035 Miillerl.c.
1043 2986 1184 3037 Parimodo

130 3044 249 3106 imagines
262 3046 321 3094 illac
334 3048 447 3112 sculptae
461 3048 629 3113 Aegineticae‚
643 3065 706 3116 quae
719 3067 782 3101 nunc
794 3051 893 3102 Monaci
905 3061 1071 3104 asservantur
1085 3054 1185 3118 (bliiller

130 3113 210 3163 Arch.
229 3112 252 3176 §-
266 3112 342 3176 903.),
365 3115 459 3164 duabus
477 3117 612 3179 figurarum
630 3119 841 3184 complexionibus
862 3136 924 3186 quae
945 3122 976 3171 ab
993 3123 1110 3173 Aeacidis
1129 3131 1184 3174 ante

131 3181 234 3244 Trojam
246 3181 356 3243 gloriose
368 3190 441 3245 gesta
454 3193 536 3248 eraut,
552 3203 607 3236 cum
624 3187 655 3237 iis
669 3185 816 3251 conferunt,
834 3204 896 3252 quas
910 3205 988 3254 nuper
1000 3190 1031 3240 ub
1044 3206 1132 3241 eorum
1145 3208 1186 3258 po·

131 3250 208 3301 uteris
221 3249 245 3297 in
268 3265 349 3314 pugna
367 3249 501 3302 Salaminia
519 3262 618 3318 patrata
634 3262 719 3317 erant,
736 3253 888 3306 facinoribus
905 3258 1123 3322 praeclarissimis.
1153 3259 1185 3310 lbi

130 3318 202 3369 Paris
215 3316 324 3367 Persicis
337 3318 450 3368 vestibus
463 3329 566 3372 ornatus
580 3330 627 3385 est,
641 3324 745 3374 eundem
760 3324 783 3373 in
796 3326 902 3384 modum,
918 3342 965 3390 quo
975 3327 1120 3393 Aeschylus
1134 3344 1184 3379 am·

129 3387 173 3436 bas
186 3386 243 3436 illas
256 3401 368 3449 sorores,
381 3401 443 3451 quac
457 3386 568 3439 Persium
581 3398 607 3441 et
619 3391 723 3441 Hellade
736 3400 936 3457 repraesentant,
949 3395 981 3445 cf.
996 3402 1047 3445 not.
1061 3395 1102 3457 31,
1122 3397 1185 3447 alte·

130 3470 182 3504 ram
196 3455 331 3506 πέπλοισι
344 3457 501 3520 Περσικοῖς,
513 3458 617 3509 alteram
629 3462 769 3528 Δωρικοῖς
788 3468 898 3510 ornatam
911 3459 989 3513 luisse
1002 3463 1085 3513 linxit.
1107 3463 1186 3528 Igitur
1222 3422 1228 3531 ¹

130 3524 205 3572 sicuti
218 3525 307 3573 heroes
320 3524 357 3573 illi
367 3523 491 3573 Aeacidae
503 3542 567 3576 nnnc
579 3527 704 3591 Trojanos
717 3527 831 3591 fundunt,
848 3531 884 3578 ita
901 3530 973 3580 iidem
987 3546 1065 3596 nuper
1082 3547 1128 3597 per
1141 3549 1186 3599 po-

130 3598 214 3640 steros
227 3607 295 3655 suos,
308 3599 334 3640 et
346 3605 395 3640 una
408 3606 463 3640 cum
475 3592 513 3652 iis,
526 3593 617 3645 Persas
630 3598 694 3661 apud
704 3596 852 3645 Salaminem
865 3594 991 3648 fuderunt.
1004 3627 1036 3634 -
1048 3626 1083 3636 —
1096 3600 1186 3652 Dissen
1222 3548 1228 3671 ¹

130 3660 162 3709 ad
173 3659 244 3709 Pind.
255 3659 326 3710 Nem.
339 3658 380 3710 lli.
398 3658 547 3724 „Postremo
561 3665 634 3713 etiam
647 3665 710 3715 illud
729 3664 836 3727 notabis,
852 3665 972 3715 barbaros
985 3666 1086 3733 Lycios,
1104 3667 1186 3736 Pbry-

130 3741 184 3790 ges,
196 3727 334 3791 Dardanos,
347 3727 486 3791 Aethiopes
496 3727 527 3776 ab
537 3728 635 3780 Achille
645 3733 725 3782 victos
737 3732 810 3781 simul
820 3732 850 3782 ob
860 3733 985 3783 Persicum
998 3735 1090 3785 bellurn
1103 3738 1186 3802 paullo

130 3803 188 3844 ante
202 3796 248 3844 boc
261 3811 358 3845 carmen
372 3803 469 3858 gestum
480 3799 609 3846 memorari
624 3801 744 3860 suaviter,
758 3800 782 3848 in
792 3816 839 3865 quo
850 3801 988 3863 Aeginetae
1001 3803 1186 3856 excellucrant.

130 3863 211 3915 Valde
223 3864 287 3913 enirn
300 3864 433 3928 placebant
444 3864 474 3913 iis
487 3865 532 3914 huc
542 3862 650 3929 fabulae,
664 3868 733 3931 quasi
742 3868 871 3932 praeludia
881 3871 1018 3920 recentium
1029 3886 1084 3921 cnm
1094 3872 1187 3924 barba-

131 3933 166 3982 ris
176 3932 345 3994 certaminum,
358 3933 532 3998 pertinentque
546 3934 632 3983 codem
646 3933 789 3985 Telamonis
802 3935 974 4001 expeditiones
983 3939 1106 3991 adversus
1120 3941 1187 3994 Lao.

130 4002 270 4052 medontam
284 4008 310 4050 et
322 4000 490 4051 Amazones.“
953 4016 956 4021 -
1053 4015 1056 4018 -
1224 3996 1228 4275 Ι
