2558 4530
164 354 199 408 52
571 347 615 400 De
635 344 812 400 Hellenico

250 507 371 570 lunonis
394 505 515 582 Argivae
530 504 630 583 religio
647 504 732 565 sicuti
748 500 951 581 antiquissima
972 509 1034 563 erat
1046 510 1076 562 et
1096 521 1167 564 oum
1181 504 1225 582 ip-

166 595 207 654 sis
224 594 336 655 illarum
356 590 508 668 regionum
531 590 701 668 primordiis
724 588 931 661 contextam),
955 587 992 646 ita
1014 589 1127 649 mansit
1143 589 1225 650 etiam

165 686 235 760 post
255 680 476 756 occupationem
497 674 686 734 Doriensium
713 673 898 734 sanctissima
924 671 1085 751 vicinisque
1109 674 1225 753 populis

166 763 402 826 celebratissima.
435 759 591 835 Templum
611 758 648 818 ab
668 758 752 834 Argis
774 756 1054 829 distabescente),
1078 759 1191 821 Herod.
1206 759 1224 829 l,

166 851 215 921 31,
232 847 385 928 aMycenis
402 844 477 904 stad.
492 844 540 914 15,
556 843 641 902 Paus.
654 842 687 914 ll,
706 843 753 913 17,
773 844 799 900 1.
826 843 901 902 Hinc
912 849 941 902 et
952 861 968 901 a
979 842 1142 922 Tirynthiis
1155 844 1225 905 anti-

165 935 326 1013 quissimae
341 928 508 990 sacerdotes
520 927 716 1004 capiebantur,
728 927 840 999 deinde,
852 934 1009 1005 postquam
1022 931 1119 1005 Argos
1133 930 1226 989 omnis

166 1021 316 1080 seherum
338 1013 491 1090 regionum
513 1013 642 1090 potentia
663 1019 857 1083 contraxerat,
877 1031 911 1070 ex
935 1012 1058 1085 Argivis.
1096 1013 1225 1085 Quarum

166 1103 352 1164 sacerdotum
369 1105 479 1157 statuas
495 1104 561 1157 ante
575 1098 717 1175 templum
731 1097 843 1175 positas
856 1096 928 1156 vidit
943 1096 1114 1169 Pausanias,
1131 1099 1226 1158 heroi-

165 1188 222 1248 bus
238 1182 429 1252 intermixtae,
445 1200 531 1258 quem
548 1183 692 1242 honorem
709 1190 738 1242 et
752 1190 875 1260 propter
894 1183 1025 1241 muneris
1046 1183 1227 1244 sanctitatem

165 1270 310 1331 meruisse
331 1268 465 1327 videntur
484 1274 512 1326 et
533 1277 653 1345 propter
674 1286 837 1338 summam,
867 1284 924 1344 qua
946 1265 1027 1343 ipsae
1053 1268 1228 1346 conspicuae

166 1363 258 1429 erant,
279 1353 392 1433 generis
409 1351 606 1413 nobilitatem:
629 1360 706 1413 certe
726 1353 801 1411 inter
822 1351 1043 1428 antiquissimas
1065 1352 1168 1429 plures
1182 1371 1226 1412 re·

165 1443 300 1520 gulorum
316 1439 360 1499 vel
375 1438 449 1498 filiae
465 1438 508 1496 vel
521 1457 640 1497 sorores
652 1442 857 1497 numerantur.
883 1435 1018 1495 Ceterum
1031 1436 1226 1498 sacerdotium

167 1526 345 1604 gentilicium
362 1530 434 1593 erat,
451 1530 528 1582 certe
540 1522 752 1598 antiquioribus
768 1520 1024 1597 temporibus62),
1040 1522 1227 1600 singulaeque

167 1610 346 1687 eligebantur
361 1607 390 1666 in
407 1607 504 1679 vitam,
520 1606 559 1665 ita
573 1613 684 1677 tamen,
700 1614 731 1664 ut
746 1604 856 1665 nubere
871 1613 996 1684 possent
1009 1605 1086 1677 viro,
1104 1607 1186 1684 quod
1201 1607 1227 1666 in

168 1692 372 1754 sacerdotibus
387 1689 508 1749 lunonis
529 1689 599 1749 satis
615 1708 668 1767 per
683 1708 714 1746 se
730 1696 957 1749 consentaneum
975 1698 1020 1750 est
1035 1698 1064 1751 et
1083 1691 1226 1752 luculento

167 1778 289 1856 insuper
304 1773 436 1852 exemplo
452 1773 595 1852 probatur
610 1792 662 1851 per
677 1781 799 1833 matrem
813 1773 927 1834 Cleobis
942 1783 1029 1852 atque
1039 1774 1167 1837 Bitonis.

251 1862 312 1921 Iam
329 1858 408 1938 qnod
424 1876 477 1935 per
493 1876 596 1918 omnes
614 1858 791 1918 Graecorum
804 1859 933 1919 civitates
945 1867 1059 1920 mature
1071 1878 1129 1920 usu
1143 1860 1228 1930 venit,

168 1954 201 2007 ut
216 1947 285 2007 anni
300 1943 414 2024 publice
433 1950 658 2003 numerarentur
673 1943 732 2003 sire
748 1945 909 2003 secuudum
926 1945 1116 2022 magistratus
1134 1945 1228 2006 civiles

124 2054 150 2094 ac
169 2033 228 2092 sire
244 2031 406 2093 secundum
422 2028 485 2087 eius
507 2028 670 2105 religionis,
696 2047 769 2106 quae
791 2029 867 2107 apud
890 2047 1023 2107 quosque
1044 2030 1228 2090 sanctissima

169 2125 239 2188 erat,
255 2114 400 2177 antistites
413 2112 477 2189 ⁶³),
493 2112 569 2172 idem
585 2115 661 2191 apud
678 2113 800 2190 Argivos
816 2113 924 2191 factum
941 2123 974 2173 ut
990 2115 1112 2174 lunonis
1131 2133 1229 2175 sacer-

170 2202 274 2261 dotum
289 2196 460 2259 nominibus
475 2198 617 2275 temporis
633 2198 803 2259 discrimina
819 2206 1001 2258 notarentur.
1029 2200 1094 2272 Qua
1110 2219 1146 2258 ex
1158 2217 1228 2260 con-

168 2283 322 2345 suetudine
337 2301 408 2343 mox
423 2283 569 2342 successio
590 2284 732 2362 quaedam
749 2292 834 2361 atque
854 2283 944 2343 series
965 2302 1109 2344 annorum
1126 2284 1229 2344 simili-

167 2379 212 2430 ter
232 2369 474 2447 consignatorum
496 2369 571 2429 lacta
595 2376 653 2443 est,
678 2369 811 2431 numeris
832 2367 918 2427 etiam
934 2386 1095 2439 annorum,
1121 2369 1229 2447 quibus

167 2455 290 2534 quisque
305 2471 427 2515 munere
448 2472 501 2514 suo
517 2454 636 2515 functus
652 2462 723 2525 erat,
740 2454 868 2524 adiectiS,
885 2452 967 2513 ouius
983 2453 1096 2531 generis
1112 2472 1230 2513 memo-

167 2541 256 2602 rabile
271 2541 435 2620 exemplum
457 2547 550 2600 exstat
572 2540 600 2599 in
621 2539 704 2599 titulo
721 2538 981 2609 Halicarnassensi,
1003 2537 1186 2598 aBoeckhio
1202 2539 1230 2598 in

167 2626 254 2702 Corp.
269 2627 363 2686 lusor.
380 2624 442 2683 Vol.
458 2622 484 2682 ll
499 2642 528 2683 u.
545 2624 629 2683 2655
644 2630 783 2692 tractato,
804 2640 862 2699 quo
879 2622 1027 2683 successio
1044 2625 1230 2684 sacerdotum

169 2771 181 2776 ..
187 2771 369 2778 ———--.—.

238 2834 280 2892 61)
294 2833 366 2884 Paus.
379 2835 413 2901 ll,
428 2837 473 2898 15,
491 2835 549 2889 tan
564 2832 619 2903 γὰρ
637 2836 671 2904 τῇ
688 2837 739 2888 νῦν
759 2830 898 2904 Ἀργολίδι
916 2835 1109 2908 ὀνομαζομένη
1127 2838 1162 2891 τὰ
1179 2841 1232 2910 μὲν

168 2900 211 2951 ἔτι
223 2897 395 2986 παλαιότερα
408 2899 441 2953 οὐ
453 2899 688 2971 μνημονεύουσιν,
707 2899 822 2969 Ἴναχον
834 2904 864 2957 δὲ
881 2905 1062 2971 βασιλεύοντα
1075 2894 1125 2960 atla
1138 2926 1169 2960 τε
1181 2927 1232 2960 πο-

169 2967 261 3036 ταμὸν
273 2964 321 3034 ἀφ’
337 2972 422 3020 αυτοῦ
434 2972 564 3037 λέγουσιν
577 2966 720 3039 ὀνομάσαι
731 2973 776 3020 καὶ
790 2975 877 3023 θῦσαι
889 2975 923 3039 τῆ
939 2971 1021 3044 Ἥρᾳ.
1047 2977 1141 3026 Eodem
1155 2979 1232 3043 perti-

169 3043 213 3086 net
234 3036 299 3102 quod
316 3035 413 3101 lonem,
431 3040 533 3102 primam
550 3039 651 3098 lunonis
674 3041 839 3105 sacerdotem,
858 3029 927 3091 mulli
946 3046 1060 3109 interque
1079 3060 1123 3093 eos
1141 3045 1233 3095 Castor

169 3105 346 3167 chronologus,
360 3105 435 3155 liliam
448 3105 531 3155 lnaobi
544 3106 668 3170 dicebant,
680 3122 705 3155 v.
720 3106 834 3172 Apollod.
847 3109 877 3170 ll,
890 3110 914 3173 3,
928 3110 952 3161 3.

238 3171 280 3233 62)
298 3172 378 3222 Simili
397 3174 484 3238 opinor
500 3175 554 3223 inre
577 3182 652 3240 atque
676 3177 842 3227 sacerdotium
860 3177 970 3242 Neptuni
991 3180 1231 3242 Halicarnassenais,

169 3242 234 3307 quod
247 3255 280 3289 ex
293 3239 367 3291 titulo
380 3242 455 3290 inser.
469 3241 608 3291 illustravit
621 3242 758 3292 boeckbins
772 3244 798 3293 C.
811 3244 829 3294 l.
845 3244 873 3306 ll,
887 3261 910 3310 p.
923 3247 982 3296 451.
998 3271 1001 3274 ·

238 3307 279 3369 63)
295 3307 337 3357 Sic
355 3324 395 3375 ap.
408 3308 541 3375 Sicyonios
559 3312 704 3359 sacerdotes
722 3311 846 3376 Apollinis
863 3313 954 3363 (lornei
972 3330 1016 3380 per
1029 3314 1060 3363 33
1078 3330 1158 3365 annos
1172 3331 1233 3381 epo·

170 3376 1231 3515 6666366666636666)666)666166636666666

171 3519 247 3576 temp.
260 3511 400 3562 Amstelod.
415 3512 489 3562 1658.
512 3513 634 3563 Similiter
646 3515 710 3579 apud
724 3514 849 3578 Tegeates
862 3519 918 3565 anni
933 3534 1068 3583 eponymns
1084 3515 1133 3568 luit
1145 3533 1232 3568 sacer·

170 3580 216 3628 dos
230 3579 359 3628 Minervae
371 3581 464 3642 Aleae,
483 3596 507 3629 v.
521 3581 627 3630 Boeclrb.
640 3582 667 3631 C.
679 3581 697 3631 l.
710 3581 729 3644 l,
743 3599 765 3648 p.
780 3583 836 3647 701,
853 3583 917 3633 lioss
930 3583 1007 3635 lnscr.
1022 3585 1065 3635 Gr.
1079 3587 1145 3635 ined.
1164 3603 1189 3636 n.
1204 3585 1232 3646 23

169 3647 314 3697 Mantineae
331 3649 450 3698 sacerdos
468 3647 578 3712 Neptuni
597 3649 742 3713 Equestris,
760 3650 824 3700 Ross
841 3651 874 3699 ib.
893 3669 916 3700 n.
935 3652 985 3717 ep.
1004 3654 1060 3713 Ab;
1079 3654 1127 3702 5ο.
1152 3654 1232 3714 Adde,

170 3730 274 3779 qnorum
287 3717 399 3766 meminit
409 3716 547 3765 Boeclrbius
560 3717 577 3766 l.
588 3732 618 3781 c,
632 3719 788 3766 sacerdotem
803 3733 950 3784 eponymum
966 3723 990 3768 in
1004 3722 1113 3770 decretis
1128 3722 1234 3786 Amphi-

171 3782 294 3848 ctyonicis
312 3799 351 3847 ap.
364 3784 492 3834 Demostb.
511 3785 542 3832 de
559 3799 612 3832 cor.
630 3800 653 3847 p.
668 3779 717 3833 278
740 3783 813 3846 Rslr.,
833 3783 986 3855 ἱεράπολον
997 3804 1035 3852 ap.
1049 3791 1194 3838 Acarnanes
1208 3797 1234 3839 et

172 3848 310 3914 Gelensm,
324 3848 519 3920 ἱεραμνάμονα
531 3866 569 3916 ap.
581 3852 731 3916 Byzantios,
745 3848 893 3917 ἱεροθύτας
903 3869 942 3919 ap.
954 3856 1131 3917 Agrigentinos
1142 3866 1169 3907 et
1179 3858 1233 3907 Me·

171 3917 285 3979 litenses,
303 3926 374 3969 etex
388 3919 548 3970 inferioribus
561 3920 714 3969 Athenarum
731 3922 884 3983 temporibus
902 3925 1058 3972 sacerdotem
1075 3923 1131 3975 τῶν
1144 3922 1232 3992 σωτή-

172 4000 236 4052 ρων,
249 4002 274 4037 v.
287 3985 353 4036 Plnt.
366 4003 391 4038 v.
404 3989 514 4038 Demetr.
528 4004 551 4038 e.
562 3987 610 4048 463
624 3986 732 4036 Boeckb.
746 3987 776 4035 de
789 3987 899 4038 Philocb.
912 4005 936 4054 p.
951 3990 974 4040 6.
