2558 4530
133 335 168 389 54
540 332 586 386 De
605 331 784 387 Hellenico

219 491 276 563 Qui
292 497 358 550 ante
372 489 551 550 Hellanicom
567 489 785 551 commentariis
800 488 855 550 illis
870 489 1045 566 Argivorum
1062 505 1137 548 usus
1152 488 1195 558 sit

87 594 116 636 ss
135 575 246 637 scimus
262 576 484 650 neminem⁶⁵);
504 594 572 635 nam
592 577 670 654 qood
687 573 892 634 existimaverit
906 573 1068 651 quispiam,
1093 590 1194 633 aeneas

132 659 256 731 tabulaS,
272 679 305 720 ex
319 661 601 739 quibushcusilaum
614 659 797 736 genealogias
810 678 877 718 suas
891 658 1073 737 expressisse
1087 657 1194 730 ferunt,

131 745 235 805 eodem
248 747 425 807 revocandas
443 764 519 815 esse,
531 744 620 803 nimis
634 744 718 805 dubia
732 743 806 803 illius
820 743 972 822 scriptoris
985 744 1131 803 memoria
1144 750 1195 803 est.

130 829 230 908 Neque
250 831 286 892 de
309 831 422 909 llippye
447 829 595 905 Rhegino,
617 847 702 906 quem
723 828 868 888 Chronica
889 828 1046 905 scripsisse
1066 828 1196 905 primum

131 915 445 993 omnium‘perhibent,
463 914 533 972 satis
549 914 578 972 in
595 921 735 991 promptu
751 914 864 991 eset).
891 912 948 972 Sed
965 913 1113 972 similibus
1128 913 1196 972 fon-

131 999 209 1060 tibus
225 1000 254 1059 in
271 999 360 1058 simili
377 1016 466 1076 opere
481 1005 547 1058 ante
558 998 736 1058 Hellanicum
754 1016 826 1058 usus
843 1004 905 1057 erat
919 996 1036 1056 Charon
1053 998 1196 1076 Lampsa·

131 1103 233 1153 oenus,
249 1084 278 1142 in
295 1102 384 1161 opere
400 1074 577 1162 πρυτάνεις
590 1081 655 1142 τῶν
669 1075 952 1159 Λακεδαιμονίων
967 1082 1122 1160 inscripto.
1156 1082 1196 1142 Es

131 1167 349 1238 Alexandrinis,
373 1168 422 1245 qui
446 1167 542 1228 studia
566 1177 733 1247 temporum
758 1167 1017 1226 describendorum
1043 1167 1197 1246 insigniter

133 1253 296 1322 coluerunt,
318 1253 376 1311 hoc
394 1253 461 1313 loco
478 1253 630 1313 nominare
654 1252 787 1312 attinebit
806 1251 963 1311 Chironem
987 1251 1195 1321 Naucratitam,

133 1336 183 1434 pui
203 1336 362 1414 scripserat
381 1333 459 1419 περὶ
480 1335 545 1398 τῶν
567 1332 601 1399 ἓν
623 1329 854 1418 Ἀλεξανδρείᾳ
881 1331 939 1396 καὶ
967 1330 1001 1396 ἐν
1022 1328 1195 1417 Αἰγύπτῳ

134 1414 246 1501 ιερέων
268 1417 325 1484 καὶ
347 1424 405 1504 τῆς
433 1419 592 1506 διαδοχῆς
620 1414 730 1482 αὐτῶν
757 1415 815 1482 καὶ
837 1417 917 1503 περὶ
943 1416 1009 1481 τῶν
1031 1414 1093 1490 ἐπὶ
1121 1412 1196 1482 ἑκά-

133 1522 212 1569 στου
234 1502 462 1587 πραχθέντων.

217 1592 260 1651 Es
275 1611 364 1669 opere
379 1591 518 1650 Hellanici
534 1593 659 1651 citantor
674 1590 737 1649 libri
752 1598 826 1659 tres,
848 1588 924 1649 unde
943 1589 1088 1650 refutatur
1112 1591 1195 1651 Stur-

132 1674 204 1748 zius,
219 1676 269 1753 qui
284 1675 458 1735 Sacerdotes
474 1675 551 1735 idem
568 1693 644 1754 opus
656 1682 741 1752 atque
753 1674 953 1734 Phoronidem
968 1674 1061 1734 fuisse
1073 1676 1195 1752 putavit,

203 1860 245 1919 65)
259 1859 330 1925 Quod
341 1863 484 1913 Creuzerns
496 1866 592 1925 scribit,
607 1866 636 1914 de
649 1873 704 1914 orte
718 1866 837 1914 historica
848 1863 892 1913 Gr.
906 1881 929 1929 p.
941 1864 988 1913 83.-
1000 1864 1099 1913 Friiher
1109 1867 1194 1915 hatten

134 1929 210 1977 sehon
224 1928 318 1997 llippys
330 1934 379 1982 und
393 1932 538 1995 Theogenes
551 1950 599 1982 von
615 1933 724 1996 Rhegion
738 1927 900 2001 ἀναγραφαὶ
910 1933 995 1981 dieser
1004 1933 1194 1984 Priesterinnen

133 1997 183 2046 und
196 1998 242 2046 der
255 1998 369 2049 Priester
381 2016 428 2050 von
443 2001 537 2068 Sillyon
547 2000 675 2064 gelielert,
687 1999 766 2050 lalsus
776 2009 817 2050 est
827 2003 866 2049 vir
876 2001 1043 2062 doctissimus,
1058 2017 1140 2066 neque
1150 2003 1195 2050 hoc

133 2065 206 2128 dicit,
225 2082 296 2129 quern
314 2074 405 2118 testem
422 2071 548 2134 producit,
567 2069 679 2135 lleynios
697 2071 721 2118 in
740 2069 907 2133 Apollodoro,
925 2075 995 2116 certe
1014 2084 1061 2115 non
1077 2070 1099 2116 in
1116 2071 1194 2118 hisce:

132 2132 232 2195 „Fuere
245 2137 320 2183 etiam
334 2138 375 2199 qui
393 2138 510 2185 chronica
530 2139 685 2198 attingerent
703 2139 776 2201 inque
794 2137 879 2201 primis
901 2135 1048 2196 Theogenes
1067 2135 1195 2200 Rheginos

133 2201 200 2248 circa
212 2200 343 2266 Cambysis
357 2211 477 2267 tempora,
495 2212 546 2253 turn
565 2204 658 2270 Hippys
672 2205 810 2265 Rheginos:
828 2201 900 2252 luere
919 2205 959 2266 qui
973 2201 1143 2270 ἀναγραφὰς
1155 2221 1196 2254 sa·

134 2268 263 2315 cerdotum
275 2271 424 2330 Argivarum
438 2279 463 2320 et
476 2272 650 2339 Sicyoniorum
669 2275 763 2336 scripto
782 2271 1049 2335 comprelrendcrent.“
1077 2273 1196 2322 Ceterum

131 2333 290 2397 Theogenem
304 2339 367 2401 qood
381 2340 448 2387 inter
460 2341 661 2404 chronographos
674 2347 817 2402 numerant,
835 2354 908 2387 error
920 2346 961 2387 est
972 2339 1003 2386 ab
1015 2346 1120 2388 auctore
1134 2356 1196 2388 ano-

133 2417 207 2468 nymo
220 2403 267 2467 τῆς
276 2399 474 2473 Ὀλυμπιάδων
486 2403 650 2476 ἀναγραφῆς
662 2415 829 2474 propagatos,
849 2421 920 2471 qoem
939 2421 1003 2454 nunc
1016 2415 1117 2455 constat
1130 2409 1196 2457 inter

132 2486 218 2519 omnes
231 2487 288 2522 esse
301 2473 464 2538 Scaligerum,
478 2492 501 2526 v.
515 2476 638 2526 Thesaur.
652 2485 743 2541 ternpp.
757 2491 781 2541 p.
795 2473 951 2535 3173'Clint.
965 2474 993 2524 F.
1005 2474 1033 2523 ll.
1044 2473 1074 2537 ll,
1084 2490 1196 2539 prooem.

133 2555 156 2602 p.
169 2538 257 2600 XXV3
272 2543 378 2594 Roeclh.
393 2546 423 2593 de
436 2544 583 2594 Philochoro
598 2561 620 2608 p.
635 2543 676 2594 22.

200 2607 241 2669 bb)
253 2609 321 2659 Suid.
333 2628 357 2661 v.
376 2607 551 2667 Ἀκουσίλαος
562 2639 596 2647 -
609 2610 716 2676 ἔγραψε
725 2608 903 2674 γενεαλογίας
915 2608 944 2659 ἐκ
956 2607 1062 2659 δέλτων
1069 2611 1195 2674 χαλκῶν,

133 2666 166 2725 ἃς
182 2669 264 2738 λόγος
275 2673 365 2743 εὑρεῖν
377 2679 425 2727 τὸν
436 2679 544 2743 πατέρα
557 2672 643 2726 αὐτοῦ
656 2670 791 2741 ὀρύξαντα
803 2690 865 2723 τινα
878 2671 969 2726 τόπον
980 2677 1028 2738 τῆς
1041 2679 1132 2733 οἰκίας
1145 2674 1195 2728 αὗ-

133 2738 191 2786 ταῦ.
214 2738 381 2804 Gcnealogiae
394 2747 458 2792 istae
471 2747 578 2793 maxime
591 2745 702 2805 Argivae
713 2748 794 2802 crant,
809 2757 888 2806 neque
898 2760 945 2791 non
956 2754 1197 2797 commemoraverat

134 2806 164 2852 de
178 2807 350 2857 sacerdotibus
364 2817 389 2859 et
401 2814 566 2861 monumentis
579 2811 688 2871 lunonis,
706 2807 739 2857 cl.
753 2808 867 2872 Apollod.
881 2809 916 2873 ll,
932 2811 1000 2875 1,3;
1016 2812 1038 2876 2,
1053 2812 1075 2861 2.
1099 2814 1148 2862 Sed
1163 2812 1195 2863 cf.

134 2872 203 2921 Snid.
218 2888 241 2920 v.
252 2869 405 2932 Ἑκαταῖος·
424 2903 459 2913 -
475 2873 508 2926 τὰ
525 2876 580 2946 γὰρ
600 2870 781 2926 Ἀκουσιλάοο
797 2873 950 2927 νοθεύεται.
988 2879 1031 2928 Cui
1050 2883 1195 2930 testimonio

135 2940 233 2989 etiamsi
247 2957 294 2989 noo
308 2950 402 2992 tantum
413 2944 551 3006 tribuerim,
565 2954 593 2994 ot
603 2945 695 2992 nullam
706 2958 790 2991 eorum
803 2943 875 2992 iidem
886 2943 964 2994 fuisse
973 2948 1091 3007 arbitrer,
1105 2951 1195 3013 quibus

134 3006 180 3056 soh
194 3008 292 3056 nomine
306 3012 417 3059 Acusilai
430 3028 490 3061 usus
504 3020 544 3062 est
556 3012 733 3077 Apollodorus,
746 3017 827 3059 tamen
841 3015 946 3076 quande
960 3014 1051 3063 tabulis
1070 3017 1122 3065 illis
1142 3033 1195 3065 me·

133 3074 227 3125 tallicis
241 3085 387 3142 narrantur,
404 3080 491 3143 quibus
508 3082 660 3145 aliquantum
677 3078 766 3129 tribuit
781 3079 893 3129 Nitzsch.
922 3081 986 3130 llist.
1001 3083 1069 3132 Hom.
1083 3083 1102 3144 l,
1116 3100 1139 3149 p.
1154 3084 1194 3147 73,

134 3142 300 3207 suspicionem
314 3154 383 3194 recte
396 3156 528 3196 moverunt
542 3147 679 3197 Welclero
692 3146 761 3212 Cpcl.
773 3163 811 3212 ep.
828 3163 852 3211 p.
869 3149 912 3196 161
929 3156 955 3197 et
968 3151 1111 3199 bernhardo
1125 3152 1195 3202 Suid.

133 3208 152 3273 l,
165 3212 186 3274 l,
200 3226 222 3275 p.
235 3210 292 3260 173.
306 3212 400 3279 Hippys
413 3213 539 3276 Rheginos
553 3216 618 3263 vixit
634 3211 703 3263 κατὰ
717 3215 773 3264 τῶν
785 3217 933 3283 Περσικῶν
946 3225 972 3266 et
984 3219 1077 3282 primos
1090 3221 1196 3284 scripsit

133 3278 251 3327 derebus
265 3279 357 3329 Siculis
369 3289 395 3330 et
407 3281 509 3344 italicis,
524 3289 591 3331 teste
602 3283 686 3331 Suida.
715 3282 836 3332 Chronica
855 3285 909 3332 eius
926 3285 1037 3334 citantur
1053 3287 1084 3334 ab
1098 3287 1195 3337 Zenob.

133 3347 211 3408 Adag.
223 3345 264 3410 lll,
276 3347 317 3413 42,
330 3349 396 3409 aliis,
409 3365 433 3397 v.
447 3349 521 3398 Voss.
535 3351 565 3399 de
576 3351 631 3399 hist.
647 3350 690 3399 Gr.
701 3366 722 3415 p.
734 3348 766 3397 20
777 3349 914 3401 Westerm.
928 3353 1043 3401 Attamen
1055 3351 1158 3404 difficile
1170 3357 1194 3405 in

134 3428 164 3462 co
178 3415 332 3477 distinguere
345 3432 408 3480 quae
421 3418 515 3479 antiqui
529 3418 641 3466 historici
655 3434 712 3467 csse
723 3418 863 3477 videantur,
876 3434 938 3482 quae
950 3422 1117 3470 recentiorum
1131 3425 1196 3472 scri·

134 3488 244 3545 plorum,
259 3484 370 3549 llippiae,
386 3484 512 3548 Hipponis,
525 3486 639 3544 aliorum,
653 3488 694 3548 qui
707 3486 790 3533 solent
802 3501 855 3533 cuin
870 3487 913 3533 illo
926 3485 1050 3537 conlundi.
1076 3489 1117 3537 Sic
1130 3506 1195 3554 quae

133 3549 252 3610 leguntur
264 3567 302 3615 ap.
314 3553 399 3614 Antig.
411 3554 441 3600 de
456 3551 542 3600 lllirab.
556 3569 576 3601 c.
589 3553 633 3601 121
651 3549 763 3602 Ἵππων
774 3548 789 3601 ὁ
799 3547 923 3619 Ῥηγῖνος
934 3557 998 3620 περὶ
1012 3557 1065 3605 τῶν
1077 3557 1196 3626 λεγομέ-

133 3631 190 3666 νοιν
207 3613 302 3668 τόπων
319 3615 498 3687 φθείραντα
516 3618 694 3687 ἐμπίπτοντα
712 3617 841 3669 τοιοῦτόν
858 3637 884 3668 τι
900 3618 1015 3690 γράφει,
1036 3625 1076 3671 ubi
1095 3632 1194 3689 tempus

133 3684 240 3733 aedilicii
258 3702 296 3751 ap.
323 3688 421 3737 Palicos
438 3687 536 3735 Siculos
554 3692 677 3738 exstructi
699 3689 738 3738 01.
752 3690 785 3736 ‘sb
802 3687 920 3737 delinitur
937 3706 994 3738 acra
1018 3692 1195 3757 Olympiadurn

135 3767 189 3800 cnm
204 3753 369 3804 Archontibus
384 3756 473 3804 Atticis
492 3757 634 3815 commissa,
652 3771 665 3804 a
680 3757 773 3804 Vossio
786 3757 945 3805 vindicantur
961 3758 1063 3823 Hippyi3
1082 3761 1104 3808 id
1127 3763 1195 3824 quod

134 3828 222 3882 aperte
235 3821 324 3872 salsum
338 3831 386 3883 est,
404 3839 457 3871 narn
471 3825 520 3871 ista
538 3825 688 3886 computatio
705 3831 745 3871 est
758 3830 893 3886 temporum
911 3828 1086 3875 recentiorum.
1102 3855 1138 3864 —
1157 3829 1194 3878 De

131 3887 247 4004 {barone
261 3907 284 3940 v.
298 3891 410 3940 Crcuzer
422 3889 510 3953 fragm.
524 3891 619 3940 Ristor.
633 3890 677 3941 Gr.
691 3906 715 3954 p.
724 3890 785 3950 1273
796 3892 826 3939 dc
839 3891 944 3941 Chirone
955 3893 1023 3944 Suid.
1033 3911 1057 3944 v.
1071 3897 1193 3961 Χείρων,

155 3958 226 4007 αδοο.
240 3975 262 4024 p.
276 3959 334 4008 436.
