<?xml version="1.0" encoding="UTF-8"?>
<!DOCTYPE html PUBLIC "-//W3C//DTD XHTML 1.0 Transitional//EN"
    "http://www.w3.org/TR/xhtml1/DTD/xhtml1-transitional.dtd">
<html xmlns="http://www.w3.org/1999/xhtml" xml:lang="en" lang="en">
 <head>
  <title>
</title>
<meta http-equiv="Content-Type" content="text/html;charset=utf-8" />
  <meta name='ocr-system' content='tesseract 3.04.00' />
  <meta name='ocr-capabilities' content='ocr_page ocr_carea ocr_par ocr_line ocrx_word'/>
</head>
<body>
  <div class='ocr_page' id='page_1' title='image "./ausgewhlteaufst00prelgoog/ausgewhlteaufst00prelgoog_0109.png"; bbox 0 0 2558 4530; ppageno 0'>
   <div class='ocr_carea' id='block_1_1' title="bbox 83 320 1151 431">
    <p class='ocr_par' dir='ltr' id='par_1_1' title="bbox 83 320 1151 431">
     <span class='ocr_line' id='line_1_1' title="bbox 83 320 1151 431; baseline 0.001 -15"><span class='ocrx_word' id='word_1_1' title='bbox 83 320 98 349; x_wconf 44' lang='lat'>&#39;</span> <span class='ocrx_word' id='word_1_2' title='bbox 375 361 614 430; x_wconf 81' lang='lat' dir='ltr'><strong>grammaticae</strong></span> <span class='ocrx_word' id='word_1_3' title='bbox 640 361 860 431; x_wconf 76' lang='lat' dir='ltr'><strong>Byzantinus.</strong></span> <span class='ocrx_word' id='word_1_4' title='bbox 1117 365 1151 417; x_wconf 84' lang='lat'><strong>91</strong></span> 
     </span>
    </p>
   </div>
   <div class='ocr_carea' id='block_1_2' title="bbox 90 509 1158 2703">
    <p class='ocr_par' dir='ltr' id='par_1_2' title="bbox 90 509 1158 2703">
     <span class='ocr_line' id='line_1_2' title="bbox 91 509 1153 601; baseline -0.003 -17"><span class='ocrx_word' id='word_1_5' title='bbox 91 522 180 594; x_wconf 71' lang='grc' dir='ltr'><strong><em>,θους</em></strong></span> <span class='ocrx_word' id='word_1_6' title='bbox 217 513 226 539; x_wconf 80' lang='lat'><em>‘</em></span> <span class='ocrx_word' id='word_1_7' title='bbox 256 512 350 581; x_wconf 81' lang='grc' dir='ltr'><strong><em>αἰτία</em></strong></span> <span class='ocrx_word' id='word_1_8' title='bbox 375 513 466 580; x_wconf 81' lang='grc' dir='ltr'><strong><em>ἐστὶν</em></strong></span> <span class='ocrx_word' id='word_1_9' title='bbox 494 509 582 601; x_wconf 71' lang='grc' dir='ltr'><strong><em>αὕτη</em></strong></span> <span class='ocrx_word' id='word_1_10' title='bbox 610 509 688 579; x_wconf 84' lang='grc' dir='ltr'><strong><em>ὅταν</em></strong></span> <span class='ocrx_word' id='word_1_11' title='bbox 713 511 846 600; x_wconf 76' lang='grc' dir='ltr'><strong><em>ἡρπάγη</em></strong></span> <span class='ocrx_word' id='word_1_12' title='bbox 869 509 940 578; x_wconf 83' lang='grc' dir='ltr'><strong>ἀπὸ</strong></span> <span class='ocrx_word' id='word_1_13' title='bbox 961 522 1019 580; x_wconf 80' lang='grc' dir='ltr'><strong>τοῦ</strong></span> <span class='ocrx_word' id='word_1_14' title='bbox 1041 519 1153 580; x_wconf 77' lang='lat' dir='ltr'><strong>Mm-</strong></span> 
     </span>
     <span class='ocr_line' id='line_1_3' title="bbox 93 594 1152 700; baseline 0.001 -35"><span class='ocrx_word' id='word_1_15' title='bbox 93 599 176 667; x_wconf 87' lang='grc' dir='ltr'><strong><em>λοίου</em></strong></span> <span class='ocrx_word' id='word_1_16' title='bbox 198 627 218 689; x_wconf 92' lang='grc' dir='ltr'><strong><em>η</em></strong></span> <span class='ocrx_word' id='word_1_17' title='bbox 237 595 364 700; x_wconf 83' lang='grc' dir='ltr'><strong><em>Ἑλένη,</em></strong></span> <span class='ocrx_word' id='word_1_18' title='bbox 388 599 594 676; x_wconf 73' lang='grc' dir='ltr'><strong><em>πενθοῦντος</em></strong></span> <span class='ocrx_word' id='word_1_19' title='bbox 615 594 716 684; x_wconf 76' lang='grc' dir='ltr'><strong><em>αὐτην</em></strong></span> <span class='ocrx_word' id='word_1_20' title='bbox 733 598 860 676; x_wconf 84' lang='grc' dir='ltr'><strong><em>παντὸς</em></strong></span> <span class='ocrx_word' id='word_1_21' title='bbox 878 599 936 662; x_wconf 84' lang='grc' dir='ltr'><strong>τοῦ</strong></span> <span class='ocrx_word' id='word_1_22' title='bbox 955 596 1061 681; x_wconf 78' lang='grc' dir='ltr'><strong><em>α’ίκου,</em></strong></span> <span class='ocrx_word' id='word_1_23' title='bbox 1081 598 1152 666; x_wconf 68' lang='lat' dir='ltr'><strong>eve-</strong></span> 
     </span>
     <span class='ocr_line' id='line_1_4' title="bbox 93 680 1151 772; baseline -0.001 -22"><span class='ocrx_word' id='word_1_24' title='bbox 93 692 162 772; x_wconf 87' lang='grc' dir='ltr'><strong>χθη</strong></span> <span class='ocrx_word' id='word_1_25' title='bbox 196 688 278 762; x_wconf 86' lang='grc' dir='ltr'><strong><em>παῖς</em></strong></span> <span class='ocrx_word' id='word_1_26' title='bbox 308 708 356 772; x_wconf 81' lang='grc' dir='ltr'><strong>την</strong></span> <span class='ocrx_word' id='word_1_27' title='bbox 382 682 545 770; x_wconf 79' lang='grc' dir='ltr'><em>Μενελάῳ</em></span> <span class='ocrx_word' id='word_1_28' title='bbox 562 680 621 747; x_wconf 85' lang='grc' dir='ltr'><strong>καί</strong></span> <span class='ocrx_word' id='word_1_29' title='bbox 647 680 775 770; x_wconf 79' lang='grc' dir='ltr'><strong><em>ἐκλήθη</em></strong></span> <span class='ocrx_word' id='word_1_30' title='bbox 802 681 1033 770; x_wconf 77' lang='grc' dir='ltr'><strong><em>Μεγαπένθης</em></strong></span> <span class='ocrx_word' id='word_1_31' title='bbox 1059 685 1151 770; x_wconf 86' lang='grc' dir='ltr'><strong><em>παρὰ</em></strong></span> 
     </span>
     <span class='ocr_line' id='line_1_5' title="bbox 94 762 1153 855; baseline -0.001 -21"><span class='ocrx_word' id='word_1_32' title='bbox 94 771 133 835; x_wconf 79' lang='lat' dir='ltr'><strong>cd</strong></span> <span class='ocrx_word' id='word_1_33' title='bbox 166 769 250 854; x_wconf 79' lang='grc' dir='ltr'><strong><em>μέγα</em></strong></span> <span class='ocrx_word' id='word_1_34' title='bbox 283 766 413 846; x_wconf 86' lang='grc' dir='ltr'><strong><em>πένθος</em></strong></span> <span class='ocrx_word' id='word_1_35' title='bbox 443 769 501 834; x_wconf 82' lang='grc' dir='ltr'><strong>τοῦ</strong></span> <span class='ocrx_word' id='word_1_36' title='bbox 534 762 642 833; x_wconf 78' lang='grc' dir='ltr'><strong><em>οἴκου·</em></strong></span> <span class='ocrx_word' id='word_1_37' title='bbox 681 767 760 855; x_wconf 81' lang='grc' dir='ltr'><strong><em>περὶ</em></strong></span> <span class='ocrx_word' id='word_1_38' title='bbox 794 765 832 832; x_wconf 82' lang='grc' dir='ltr'><strong>δὲ</strong></span> <span class='ocrx_word' id='word_1_39' title='bbox 861 767 921 831; x_wconf 83' lang='grc' dir='ltr'><strong>τοῦ</strong></span> <span class='ocrx_word' id='word_1_40' title='bbox 951 767 1153 850; x_wconf 87' lang='grc' dir='ltr'><strong><em>Τισαμένους</em></strong></span> 
     </span>
     <span class='ocr_line' id='line_1_6' title="bbox 94 847 1155 939; baseline -0.001 -19"><span class='ocrx_word' id='word_1_41' title='bbox 94 852 186 920; x_wconf 81' lang='grc' dir='ltr'><strong><em>ἐστὶν</em></strong></span> <span class='ocrx_word' id='word_1_42' title='bbox 216 852 332 930; x_wconf 70' lang='grc' dir='ltr'><strong><em>οὕτως·</em></strong></span> <span class='ocrx_word' id='word_1_43' title='bbox 367 849 445 918; x_wconf 70' lang='grc' dir='ltr'><strong><em>ὅταν</em></strong></span> <span class='ocrx_word' id='word_1_44' title='bbox 472 847 700 938; x_wconf 79' lang='grc' dir='ltr'><strong><em>ἐτιμωρήσατο</em></strong></span> <span class='ocrx_word' id='word_1_45' title='bbox 728 852 787 938; x_wconf 76' lang='grc' dir='ltr'><strong>τήν</strong></span> <span class='ocrx_word' id='word_1_46' title='bbox 815 850 1110 939; x_wconf 72' lang='grc' dir='ltr'><strong><em>Κλυταιμνήστραν</em></strong></span> <span class='ocrx_word' id='word_1_47' title='bbox 1136 849 1155 919; x_wconf 82' lang='grc' dir='ltr'><em>ὃ</em></span> 
     </span>
     <span class='ocr_line' id='line_1_7' title="bbox 90 932 1156 1043; baseline -0.002 -40"><span class='ocrx_word' id='word_1_48' title='bbox 90 935 252 1026; x_wconf 76' lang='grc' dir='ltr'><strong><em>Ὀρέστης,</em></strong></span> <span class='ocrx_word' id='word_1_49' title='bbox 275 935 393 1043; x_wconf 78' lang='grc' dir='ltr'><strong><em>ἐτέχθη</em></strong></span> <span class='ocrx_word' id='word_1_50' title='bbox 416 932 505 1022; x_wconf 76' lang='grc' dir='ltr'><strong><em>αὐτῷ</em></strong></span> <span class='ocrx_word' id='word_1_51' title='bbox 527 939 608 1013; x_wconf 82' lang='grc' dir='ltr'><strong><em>παῖς</em></strong></span> <span class='ocrx_word' id='word_1_52' title='bbox 629 936 688 1001; x_wconf 86' lang='grc' dir='ltr'><strong>καὶ</strong></span> <span class='ocrx_word' id='word_1_53' title='bbox 707 934 783 1023; x_wconf 74' lang='grc' dir='ltr'><strong>έκλή</strong></span> <span class='ocrx_word' id='word_1_54' title='bbox 853 937 1047 1024; x_wconf 87' lang='grc' dir='ltr'><strong><em>Τισαμένης,</em></strong></span> <span class='ocrx_word' id='word_1_55' title='bbox 1063 936 1156 1023; x_wconf 79' lang='grc' dir='ltr'><strong><em>παρὰ</em></strong></span> 
     </span>
     <span class='ocr_line' id='line_1_8' title="bbox 95 1016 1155 1108; baseline 0 -22"><span class='ocrx_word' id='word_1_56' title='bbox 95 1021 134 1087; x_wconf 80' lang='lat' dir='ltr'><strong>cd</strong></span> <span class='ocrx_word' id='word_1_57' title='bbox 156 1020 323 1088; x_wconf 87' lang='grc' dir='ltr'><strong><em>τίσασθαι</em></strong></span> <span class='ocrx_word' id='word_1_58' title='bbox 352 1020 464 1108; x_wconf 83' lang='grc' dir='ltr'><strong><em>αυτήν,</em></strong></span> <span class='ocrx_word' id='word_1_59' title='bbox 485 1019 654 1086; x_wconf 82' lang='grc' dir='ltr'><strong><em>τουτέστιν</em></strong></span> <span class='ocrx_word' id='word_1_60' title='bbox 678 1016 808 1087; x_wconf 81' lang='grc' dir='ltr'><strong><em>δνταπο</em></strong></span> <span class='ocrx_word' id='word_1_61' title='bbox 832 1020 936 1086; x_wconf 83' lang='grc' dir='ltr'><strong><em>οῦναι.</em></strong></span> <span class='ocrx_word' id='word_1_62' title='bbox 974 1027 1059 1086; x_wconf 80' lang='lat' dir='ltr'><strong>Adde</strong></span> <span class='ocrx_word' id='word_1_63' title='bbox 1081 1043 1155 1104; x_wconf 83' lang='lat' dir='ltr'><strong>quae</strong></span> 
     </span>
     <span class='ocr_line' id='line_1_9' title="bbox 95 1103 1155 1190; baseline -0.002 -18"><span class='ocrx_word' id='word_1_64' title='bbox 95 1119 260 1190; x_wconf 88' lang='lat' dir='ltr'><strong>sequuntur</strong></span> <span class='ocrx_word' id='word_1_65' title='bbox 285 1110 320 1171; x_wconf 91' lang='lat' dir='ltr'><strong>ad</strong></span> <span class='ocrx_word' id='word_1_66' title='bbox 345 1109 431 1170; x_wconf 87' lang='lat' dir='ltr'><strong>verba</strong></span> <span class='ocrx_word' id='word_1_67' title='bbox 455 1110 660 1188; x_wconf 78' lang='lat' dir='ltr'><strong>grammaticae</strong></span> <span class='ocrx_word' id='word_1_68' title='bbox 679 1104 870 1188; x_wconf 65' lang='grc' dir='ltr'><strong><em>,διώνυμον</em></strong></span> <span class='ocrx_word' id='word_1_69' title='bbox 892 1103 931 1170; x_wconf 82' lang='grc' dir='ltr'><strong>δέ</strong></span> <span class='ocrx_word' id='word_1_70' title='bbox 953 1145 994 1155; x_wconf 96' lang='grc'>-</span> <span class='ocrx_word' id='word_1_71' title='bbox 1016 1104 1075 1170; x_wconf 87' lang='grc' dir='ltr'><strong>Ποί</strong></span> <span class='ocrx_word' id='word_1_72' title='bbox 1096 1112 1155 1183; x_wconf 86' lang='grc' dir='ltr'><strong>ις“</strong></span> 
     </span>
     <span class='ocr_line' id='line_1_10' title="bbox 95 1131 1157 1296; baseline 0.003 -43"><span class='ocrx_word' id='word_1_73' title='bbox 95 1199 113 1270; x_wconf 70' lang='grc' dir='ltr'><strong>ξ</strong></span> <span class='ocrx_word' id='word_1_74' title='bbox 142 1197 180 1254; x_wconf 90' lang='grc'><strong>14</strong></span> <span class='ocrx_word' id='word_1_75' title='bbox 212 1195 370 1273; x_wconf 87' lang='lat' dir='ltr'><strong>disputata:</strong></span> <span class='ocrx_word' id='word_1_76' title='bbox 401 1185 591 1296; x_wconf 60' lang='grc' dir='ltr'><strong><em>ἀναστροφή</em></strong></span> <span class='ocrx_word' id='word_1_77' title='bbox 632 1188 671 1254; x_wconf 89' lang='grc' dir='ltr'><strong>δέ</strong></span> <span class='ocrx_word' id='word_1_78' title='bbox 701 1188 791 1255; x_wconf 78' lang='grc' dir='ltr'><strong><em>ἐστιν</em></strong></span> <span class='ocrx_word' id='word_1_79' title='bbox 820 1184 915 1274; x_wconf 76' lang='grc' dir='ltr'><strong><em>ὑγεία</em></strong></span> <span class='ocrx_word' id='word_1_80' title='bbox 950 1186 1041 1274; x_wconf 82' lang='grc' dir='ltr'><strong><em>ὅρου</em></strong></span> <span class='ocrx_word' id='word_1_81' title='bbox 1075 1131 1157 1278; x_wconf 62' lang='lat' dir='ltr'><strong>ipos</strong></span> 
     </span>
     <span class='ocr_line' id='line_1_11' title="bbox 94 1269 1157 1360; baseline 0.001 -21"><span class='ocrx_word' id='word_1_82' title='bbox 94 1272 133 1339; x_wconf 91' lang='grc' dir='ltr'><strong>δέ</strong></span> <span class='ocrx_word' id='word_1_83' title='bbox 167 1273 257 1340; x_wconf 79' lang='grc' dir='ltr'><strong><em>ἐστιν</em></strong></span> <span class='ocrx_word' id='word_1_84' title='bbox 289 1270 308 1341; x_wconf 85' lang='grc' dir='ltr'><strong><em>δ</em></strong></span> <span class='ocrx_word' id='word_1_85' title='bbox 339 1274 379 1341; x_wconf 87' lang='grc' dir='ltr'><strong>τὸ</strong></span> <span class='ocrx_word' id='word_1_86' title='bbox 410 1269 447 1339; x_wconf 76' lang='grc' dir='ltr'><strong>δν</strong></span> <span class='ocrx_word' id='word_1_87' title='bbox 479 1271 514 1338; x_wconf 90' lang='grc' dir='ltr'><strong>τί</strong></span> <span class='ocrx_word' id='word_1_88' title='bbox 548 1295 620 1340; x_wconf 86' lang='grc' dir='ltr'><strong><em>εστι</em></strong></span> <span class='ocrx_word' id='word_1_89' title='bbox 656 1272 836 1360; x_wconf 76' lang='grc' dir='ltr'><strong><em>σημαίνων·</em></strong></span> <span class='ocrx_word' id='word_1_90' title='bbox 878 1271 1019 1358; x_wconf 79' lang='grc' dir='ltr'><strong><em>ὑγιαίνει</em></strong></span> <span class='ocrx_word' id='word_1_91' title='bbox 1062 1272 1100 1339; x_wconf 85' lang='grc' dir='ltr'><strong>δέ</strong></span> <span class='ocrx_word' id='word_1_92' title='bbox 1137 1271 1157 1340; x_wconf 87' lang='grc' dir='ltr'><strong><em>δ</em></strong></span> 
     </span>
     <span class='ocr_line' id='line_1_12' title="bbox 96 1349 1156 1463; baseline 0 -39"><span class='ocrx_word' id='word_1_93' title='bbox 96 1355 170 1447; x_wconf 85' lang='grc' dir='ltr'><strong><em>ὅρος</em></strong></span> <span class='ocrx_word' id='word_1_94' title='bbox 192 1357 225 1424; x_wconf 86' lang='grc' dir='ltr'><strong>έν</strong></span> <span class='ocrx_word' id='word_1_95' title='bbox 245 1365 287 1448; x_wconf 79' lang='grc' dir='ltr'><strong>τῇ</strong></span> <span class='ocrx_word' id='word_1_96' title='bbox 316 1355 440 1444; x_wconf 80' lang='grc' dir='ltr'><strong><em>δναστρ</em></strong></span> <span class='ocrx_word' id='word_1_97' title='bbox 489 1359 509 1445; x_wconf 62' lang='lat' dir='ltr'>s</span> <span class='ocrx_word' id='word_1_98' title='bbox 538 1356 656 1463; x_wconf 66' lang='grc' dir='ltr'><strong><em>οὕτως,</em></strong></span> <span class='ocrx_word' id='word_1_99' title='bbox 685 1349 756 1422; x_wconf 84' lang='grc' dir='ltr'><strong><em>οἷον</em></strong></span> <span class='ocrx_word' id='word_1_100' title='bbox 777 1357 845 1435; x_wconf 85' lang='grc' dir='ltr'><strong>πᾶς</strong></span> <span class='ocrx_word' id='word_1_101' title='bbox 867 1353 1047 1444; x_wconf 83' lang='grc' dir='ltr'><strong><em>δίνθρωπος</em></strong></span> <span class='ocrx_word' id='word_1_102' title='bbox 1061 1359 1156 1444; x_wconf 82' lang='grc' dir='ltr'><strong><em>γελα-</em></strong></span> 
     </span>
     <span class='ocr_line' id='line_1_13' title="bbox 95 1381 1157 1548; baseline 0 -40"><span class='ocrx_word' id='word_1_103' title='bbox 95 1442 224 1520; x_wconf 88' lang='grc' dir='ltr'><strong><em>στικόν,</em></strong></span> <span class='ocrx_word' id='word_1_104' title='bbox 251 1442 311 1507; x_wconf 81' lang='grc' dir='ltr'><strong>καί</strong></span> <span class='ocrx_word' id='word_1_105' title='bbox 333 1449 402 1507; x_wconf 87' lang='grc' dir='ltr'><strong>πᾶν</strong></span> <span class='ocrx_word' id='word_1_106' title='bbox 424 1381 620 1548; x_wconf 47' lang='lat' dir='ltr'><strong>piisimum</strong></span> <span class='ocrx_word' id='word_1_107' title='bbox 641 1438 831 1526; x_wconf 90' lang='grc' dir='ltr'><strong><em>οίνθρωπος.</em></strong></span> <span class='ocrx_word' id='word_1_108' title='bbox 869 1446 960 1507; x_wconf 86' lang='grc' dir='ltr'><strong><em>νοσεῖ</em></strong></span> <span class='ocrx_word' id='word_1_109' title='bbox 981 1443 1017 1507; x_wconf 83' lang='grc' dir='ltr'><strong>δέ</strong></span> <span class='ocrx_word' id='word_1_110' title='bbox 1039 1439 1057 1508; x_wconf 89' lang='grc' dir='ltr'>ὁ</span> <span class='ocrx_word' id='word_1_111' title='bbox 1080 1441 1157 1529; x_wconf 86' lang='grc' dir='ltr'><strong><em>ὅρος</em></strong></span> 
     </span>
     <span class='ocr_line' id='line_1_14' title="bbox 97 1517 1158 1613; baseline -0.001 -21"><span class='ocrx_word' id='word_1_112' title='bbox 97 1524 217 1606; x_wconf 72' lang='grc' dir='ltr'><strong><em>οὕτως,</em></strong></span> <span class='ocrx_word' id='word_1_113' title='bbox 239 1517 309 1592; x_wconf 86' lang='grc' dir='ltr'><strong><em>οἷον</em></strong></span> <span class='ocrx_word' id='word_1_114' title='bbox 331 1527 399 1603; x_wconf 82' lang='grc' dir='ltr'><strong>πᾶς</strong></span> <span class='ocrx_word' id='word_1_115' title='bbox 421 1523 604 1607; x_wconf 91' lang='grc' dir='ltr'><strong><em>οίνθρωπος</em></strong></span> <span class='ocrx_word' id='word_1_116' title='bbox 626 1523 759 1602; x_wconf 82' lang='grc' dir='ltr'><strong><em>δίπους·</em></strong></span> <span class='ocrx_word' id='word_1_117' title='bbox 790 1524 847 1591; x_wconf 77' lang='grc' dir='ltr'><strong>ἐὰν</strong></span> <span class='ocrx_word' id='word_1_118' title='bbox 872 1521 1082 1613; x_wconf 78' lang='grc' dir='ltr'><strong><em>ἀναστρέψας</em></strong></span> <span class='ocrx_word' id='word_1_119' title='bbox 1108 1521 1158 1591; x_wconf 80' lang='grc' dir='ltr'><strong><em>ε’ί-</em></strong></span> 
     </span>
     <span class='ocr_line' id='line_1_15' title="bbox 97 1605 1157 1698; baseline 0.002 -24"><span class='ocrx_word' id='word_1_120' title='bbox 97 1634 181 1698; x_wconf 81' lang='grc' dir='ltr'><strong><em>πης,</em></strong></span> <span class='ocrx_word' id='word_1_121' title='bbox 209 1616 277 1675; x_wconf 80' lang='grc' dir='ltr'><strong>πᾶν</strong></span> <span class='ocrx_word' id='word_1_122' title='bbox 305 1609 427 1688; x_wconf 82' lang='grc' dir='ltr'><strong><em>δίπους</em></strong></span> <span class='ocrx_word' id='word_1_123' title='bbox 454 1605 646 1697; x_wconf 85' lang='grc' dir='ltr'><strong><em>δίνθρωπος,</em></strong></span> <span class='ocrx_word' id='word_1_124' title='bbox 676 1606 734 1674; x_wconf 85' lang='grc' dir='ltr'><strong>οδκ</strong></span> <span class='ocrx_word' id='word_1_125' title='bbox 761 1606 922 1698; x_wconf 74' lang='grc' dir='ltr'><strong><em>ἀληθεύει</em></strong></span> <span class='ocrx_word' id='word_1_126' title='bbox 949 1607 968 1676; x_wconf 84' lang='grc' dir='ltr'>ὁ</span> <span class='ocrx_word' id='word_1_127' title='bbox 996 1608 1079 1695; x_wconf 84' lang='grc' dir='ltr'><strong><em>ὅρος.</em></strong></span> <span class='ocrx_word' id='word_1_128' title='bbox 1117 1605 1157 1676; x_wconf 77' lang='grc' dir='ltr'><strong>οδ</strong></span> 
     </span>
     <span class='ocr_line' id='line_1_16' title="bbox 97 1689 1157 1800; baseline 0.001 -41"><span class='ocrx_word' id='word_1_129' title='bbox 97 1698 159 1800; x_wconf 73' lang='grc' dir='ltr'><strong>γὰρ</strong></span> <span class='ocrx_word' id='word_1_130' title='bbox 180 1695 280 1777; x_wconf 89' lang='grc' dir='ltr'><strong><em>μόνος</em></strong></span> <span class='ocrx_word' id='word_1_131' title='bbox 303 1689 321 1760; x_wconf 86' lang='grc' dir='ltr'><strong><em>δ</em></strong></span> <span class='ocrx_word' id='word_1_132' title='bbox 345 1690 528 1782; x_wconf 86' lang='grc' dir='ltr'><strong><em>δίνθρωπός</em></strong></span> <span class='ocrx_word' id='word_1_133' title='bbox 549 1692 639 1759; x_wconf 80' lang='grc' dir='ltr'><strong><em>ἐστιν</em></strong></span> <span class='ocrx_word' id='word_1_134' title='bbox 660 1690 794 1774; x_wconf 90' lang='grc' dir='ltr'><strong><em>δίπους,</em></strong></span> <span class='ocrx_word' id='word_1_135' title='bbox 823 1690 908 1759; x_wconf 76' lang='grc' dir='ltr'><strong><em>ἀλλὰ</em></strong></span> <span class='ocrx_word' id='word_1_136' title='bbox 933 1694 992 1760; x_wconf 88' lang='grc' dir='ltr'><strong>καί</strong></span> <span class='ocrx_word' id='word_1_137' title='bbox 1019 1690 1157 1773; x_wconf 80' lang='grc' dir='ltr'><strong><em>ὁδιτδς</em></strong></span> 
     </span>
     <span class='ocr_line' id='line_1_17' title="bbox 96 1774 1155 1865; baseline -0.001 -22"><span class='ocrx_word' id='word_1_138' title='bbox 96 1804 155 1844; x_wconf 86' lang='grc' dir='ltr'><strong>και</strong></span> <span class='ocrx_word' id='word_1_139' title='bbox 175 1779 218 1843; x_wconf 85' lang='grc' dir='ltr'><strong>τὰ</strong></span> <span class='ocrx_word' id='word_1_140' title='bbox 239 1780 393 1844; x_wconf 81' lang='grc' dir='ltr'><strong><em>τοιαῦτα.</em></strong></span> <span class='ocrx_word' id='word_1_141' title='bbox 421 1775 441 1865; x_wconf 76' lang='grc' dir='ltr'><em>ἦ</em></span> <span class='ocrx_word' id='word_1_142' title='bbox 466 1779 503 1844; x_wconf 81' lang='grc' dir='ltr'><strong>δέ</strong></span> <span class='ocrx_word' id='word_1_143' title='bbox 525 1774 618 1844; x_wconf 82' lang='grc' dir='ltr'><strong><em>αἰτία</em></strong></span> <span class='ocrx_word' id='word_1_144' title='bbox 639 1780 699 1844; x_wconf 79' lang='grc' dir='ltr'><strong>τοῦ</strong></span> <span class='ocrx_word' id='word_1_145' title='bbox 720 1779 900 1846; x_wconf 80' lang='grc' dir='ltr'><strong><em>καλεῖσθαι</em></strong></span> <span class='ocrx_word' id='word_1_146' title='bbox 923 1775 1022 1845; x_wconf 83' lang='grc' dir='ltr'><strong><em>αὖτδν</em></strong></span> <span class='ocrx_word' id='word_1_147' title='bbox 1043 1777 1155 1860; x_wconf 83' lang='grc' dir='ltr'><strong><em>Πάριν</em></strong></span> 
     </span>
     <span class='ocr_line' id='line_1_18' title="bbox 95 1860 1154 1951; baseline -0.001 -22"><span class='ocrx_word' id='word_1_148' title='bbox 95 1862 186 1929; x_wconf 74' lang='grc' dir='ltr'><strong><em>ἐστίν</em></strong></span> <span class='ocrx_word' id='word_1_149' title='bbox 209 1860 304 1951; x_wconf 75' lang='grc' dir='ltr'><strong><em>αὕτη,</em></strong></span> <span class='ocrx_word' id='word_1_150' title='bbox 331 1860 376 1941; x_wconf 80' lang='grc' dir='ltr'><strong>ὥς</strong></span> <span class='ocrx_word' id='word_1_151' title='bbox 397 1861 431 1930; x_wconf 79' lang='grc' dir='ltr'><strong>ἐν</strong></span> <span class='ocrx_word' id='word_1_152' title='bbox 451 1867 523 1941; x_wconf 85' lang='grc' dir='ltr'><strong><em>τοῖς</em></strong></span> <span class='ocrx_word' id='word_1_153' title='bbox 544 1862 669 1946; x_wconf 84' lang='grc' dir='ltr'><strong><em>μύθοις</em></strong></span> <span class='ocrx_word' id='word_1_154' title='bbox 690 1861 876 1951; x_wconf 75' lang='grc' dir='ltr'><strong><em>γέγραπται</em></strong></span> <span class='ocrx_word' id='word_1_155' title='bbox 897 1869 962 1928; x_wconf 80' lang='grc' dir='ltr'><strong>τῶν</strong></span> <span class='ocrx_word' id='word_1_156' title='bbox 979 1861 1154 1950; x_wconf 83' lang='grc' dir='ltr'><strong><em>Ἑλλήνων·</em></strong></span> 
     </span>
     <span class='ocr_line' id='line_1_19' title="bbox 96 1945 1157 2037; baseline 0.001 -25"><span class='ocrx_word' id='word_1_157' title='bbox 96 1946 329 2031; x_wconf 80' lang='grc' dir='ltr'><strong><em>μαχεσαμένων</em></strong></span> <span class='ocrx_word' id='word_1_158' title='bbox 350 1955 416 2013; x_wconf 83' lang='grc' dir='ltr'><strong>τῶν</strong></span> <span class='ocrx_word' id='word_1_159' title='bbox 429 1955 530 2037; x_wconf 84' lang='grc' dir='ltr'><strong><em>τριῶν</em></strong></span> <span class='ocrx_word' id='word_1_160' title='bbox 543 1948 634 2013; x_wconf 80' lang='grc' dir='ltr'><strong><em>θεῶν</em></strong></span> <span class='ocrx_word' id='word_1_161' title='bbox 649 1947 804 2036; x_wconf 79' lang='grc' dir='ltr'><strong><em>Ἀθηνᾶς,</em></strong></span> <span class='ocrx_word' id='word_1_162' title='bbox 820 1945 929 2031; x_wconf 88' lang='grc' dir='ltr'><strong><em>Ἥρας</em></strong></span> <span class='ocrx_word' id='word_1_163' title='bbox 942 1948 1000 2012; x_wconf 86' lang='grc' dir='ltr'><strong>καὶ</strong></span> <span class='ocrx_word' id='word_1_164' title='bbox 1021 1945 1099 2035; x_wconf 73' lang='lat' dir='ltr'><strong>&#39;Ap</strong></span> <span class='ocrx_word' id='word_1_165' title='bbox 1120 1972 1157 2013; x_wconf 90' lang='grc' dir='ltr'><strong>ο-</strong></span> 
     </span>
     <span class='ocr_line' id='line_1_20' title="bbox 96 1973 1157 2140; baseline -0.001 -43"><span class='ocrx_word' id='word_1_166' title='bbox 96 2030 188 2121; x_wconf 89' lang='grc' dir='ltr'><strong><em>δίτης</em></strong></span> <span class='ocrx_word' id='word_1_167' title='bbox 209 2033 289 2119; x_wconf 87' lang='grc' dir='ltr'><strong><em>περὶ</em></strong></span> <span class='ocrx_word' id='word_1_168' title='bbox 310 2034 371 2098; x_wconf 83' lang='grc' dir='ltr'><strong>τοῦ</strong></span> <span class='ocrx_word' id='word_1_169' title='bbox 391 2034 511 2140; x_wconf 58' lang='grc' dir='ltr'><strong><em>ηρυσοῦ</em></strong></span> <span class='ocrx_word' id='word_1_170' title='bbox 531 2031 636 2139; x_wconf 77' lang='grc' dir='ltr'><strong><em>μηλου</em></strong></span> <span class='ocrx_word' id='word_1_171' title='bbox 660 2032 719 2098; x_wconf 82' lang='grc' dir='ltr'><strong>καί</strong></span> <span class='ocrx_word' id='word_1_172' title='bbox 734 2033 901 2098; x_wconf 83' lang='grc' dir='ltr'><strong><em>δικαστῶν</em></strong></span> <span class='ocrx_word' id='word_1_173' title='bbox 914 2030 1082 2097; x_wconf 77' lang='grc' dir='ltr'><strong><em>ἐλθόντων</em></strong></span> <span class='ocrx_word' id='word_1_174' title='bbox 1096 1973 1157 2097; x_wconf 63' lang='lat' dir='ltr'><strong>iat</strong></span> 
     </span>
     <span class='ocr_line' id='line_1_21' title="bbox 94 2112 1157 2205; baseline -0.003 -23"><span class='ocrx_word' id='word_1_175' title='bbox 94 2117 136 2204; x_wconf 78' lang='grc' dir='ltr'><strong>τῇ</strong></span> <span class='ocrx_word' id='word_1_176' title='bbox 149 2115 238 2205; x_wconf 81' lang='grc' dir='ltr'><strong><em>μάχη</em></strong></span> <span class='ocrx_word' id='word_1_177' title='bbox 261 2113 376 2199; x_wconf 76' lang='grc' dir='ltr'><strong><em>αὐτῶν,</em></strong></span> <span class='ocrx_word' id='word_1_178' title='bbox 398 2118 485 2205; x_wconf 86' lang='grc' dir='ltr'><strong><em>ηλθε</em></strong></span> <span class='ocrx_word' id='word_1_179' title='bbox 507 2140 574 2201; x_wconf 90' lang='grc' dir='ltr'><strong>προ</strong></span> <span class='ocrx_word' id='word_1_180' title='bbox 594 2116 729 2183; x_wconf 81' lang='grc' dir='ltr'><strong><em>πάντων</em></strong></span> <span class='ocrx_word' id='word_1_181' title='bbox 752 2112 1009 2203; x_wconf 81' lang='grc' dir='ltr'><strong><em>ὁἈλέξανδρος,</em></strong></span> <span class='ocrx_word' id='word_1_182' title='bbox 1025 2116 1082 2180; x_wconf 85' lang='grc' dir='ltr'><strong>καί</strong></span> <span class='ocrx_word' id='word_1_183' title='bbox 1098 2114 1157 2180; x_wconf 82' lang='grc' dir='ltr'><strong>διδ</strong></span> 
     </span>
     <span class='ocr_line' id='line_1_22' title="bbox 94 2200 1155 2289; baseline -0.002 -23"><span class='ocrx_word' id='word_1_184' title='bbox 94 2203 191 2267; x_wconf 79' lang='grc' dir='ltr'><strong><em>τοῦτο</em></strong></span> <span class='ocrx_word' id='word_1_185' title='bbox 210 2203 369 2289; x_wconf 87' lang='grc' dir='ltr'><strong><em>κέκληται</em></strong></span> <span class='ocrx_word' id='word_1_186' title='bbox 383 2200 503 2288; x_wconf 88' lang='grc' dir='ltr'><strong><em>Πάρις,</em></strong></span> <span class='ocrx_word' id='word_1_187' title='bbox 523 2201 581 2266; x_wconf 82' lang='grc' dir='ltr'><strong>διδ</strong></span> <span class='ocrx_word' id='word_1_188' title='bbox 602 2202 641 2267; x_wconf 84' lang='grc' dir='ltr'><strong>τὸ</strong></span> <span class='ocrx_word' id='word_1_189' title='bbox 664 2200 821 2289; x_wconf 90' lang='grc' dir='ltr'><strong><em>παριέναι</em></strong></span> <span class='ocrx_word' id='word_1_190' title='bbox 842 2200 911 2289; x_wconf 80' lang='grc' dir='ltr'><strong>πρὸ</strong></span> <span class='ocrx_word' id='word_1_191' title='bbox 928 2200 1070 2265; x_wconf 81' lang='grc' dir='ltr'><strong><em>πάντων.</em></strong></span> <span class='ocrx_word' id='word_1_192' title='bbox 1100 2204 1155 2264; x_wconf 81' lang='lat' dir='ltr'><strong>us.</strong></span> 
     </span>
     <span class='ocr_line' id='line_1_23' title="bbox 95 2290 1157 2369; baseline -0.002 -18"><span class='ocrx_word' id='word_1_193' title='bbox 95 2309 125 2369; x_wconf 87' lang='lat' dir='ltr'><strong>p.</strong></span> <span class='ocrx_word' id='word_1_194' title='bbox 138 2291 200 2351; x_wconf 84' lang='lat'><strong>312</strong></span> <span class='ocrx_word' id='word_1_195' title='bbox 212 2291 344 2369; x_wconf 90' lang='lat' dir='ltr'><strong>sequitur</strong></span> <span class='ocrx_word' id='word_1_196' title='bbox 354 2298 530 2368; x_wconf 91' lang='lat' dir='ltr'><strong>conspectus</strong></span> <span class='ocrx_word' id='word_1_197' title='bbox 541 2291 704 2351; x_wconf 86' lang='lat' dir='ltr'><strong>formarum</strong></span> <span class='ocrx_word' id='word_1_198' title='bbox 719 2291 807 2362; x_wconf 85' lang='lat' dir='ltr'><strong>verbi,</strong></span> <span class='ocrx_word' id='word_1_199' title='bbox 823 2290 928 2368; x_wconf 90' lang='lat' dir='ltr'><strong>quibus</strong></span> <span class='ocrx_word' id='word_1_200' title='bbox 940 2290 1157 2367; x_wconf 83' lang='lat' dir='ltr'><strong>subiunguntur</strong></span> 
     </span>
     <span class='ocr_line' id='line_1_24' title="bbox 94 2367 1157 2474; baseline 0 -40"><span class='ocrx_word' id='word_1_201' title='bbox 94 2376 182 2434; x_wconf 88' lang='lat' dir='ltr'><strong>baec:</strong></span> <span class='ocrx_word' id='word_1_202' title='bbox 198 2368 373 2433; x_wconf 78' lang='grc' dir='ltr'><strong><em>καὶταῦτα</em></strong></span> <span class='ocrx_word' id='word_1_203' title='bbox 388 2368 448 2452; x_wconf 85' lang='grc' dir='ltr'><strong>μέν</strong></span> <span class='ocrx_word' id='word_1_204' title='bbox 462 2367 496 2434; x_wconf 77' lang='grc' dir='ltr'><strong>ἐν</strong></span> <span class='ocrx_word' id='word_1_205' title='bbox 510 2368 660 2474; x_wconf 82' lang='grc' dir='ltr'><strong><em>συντόμῳ</em></strong></span> <span class='ocrx_word' id='word_1_206' title='bbox 678 2367 871 2455; x_wconf 80' lang='grc' dir='ltr'><strong><em>διεξῄειμεν.</em></strong></span> <span class='ocrx_word' id='word_1_207' title='bbox 903 2368 1052 2435; x_wconf 84' lang='grc' dir='ltr'><strong><em>καθόλου</em></strong></span> <span class='ocrx_word' id='word_1_208' title='bbox 1070 2368 1107 2434; x_wconf 83' lang='grc' dir='ltr'><strong>δέ</strong></span> <span class='ocrx_word' id='word_1_209' title='bbox 1123 2367 1157 2434; x_wconf 82' lang='grc' dir='ltr'><strong>ἒν</strong></span> 
     </span>
     <span class='ocr_line' id='line_1_25' title="bbox 97 2448 1156 2539; baseline 0 -22"><span class='ocrx_word' id='word_1_210' title='bbox 97 2454 147 2538; x_wconf 79' lang='grc' dir='ltr'><strong>τῷ</strong></span> <span class='ocrx_word' id='word_1_211' title='bbox 164 2453 335 2539; x_wconf 79' lang='grc' dir='ltr'><strong><em>ῥηματικῷ</em></strong></span> <span class='ocrx_word' id='word_1_212' title='bbox 351 2449 516 2539; x_wconf 81' lang='grc' dir='ltr'><strong><em>Γεωργίου</em></strong></span> <span class='ocrx_word' id='word_1_213' title='bbox 532 2451 590 2515; x_wconf 80' lang='grc' dir='ltr'><strong>καί</strong></span> <span class='ocrx_word' id='word_1_214' title='bbox 601 2449 834 2531; x_wconf 90' lang='grc' dir='ltr'><strong><em>Απολλωνίου,</em></strong></span> <span class='ocrx_word' id='word_1_215' title='bbox 856 2448 885 2516; x_wconf 80' lang='grc' dir='ltr'><strong>εἰ</strong></span> <span class='ocrx_word' id='word_1_216' title='bbox 902 2454 974 2537; x_wconf 79' lang='grc' dir='ltr'><strong>θεῷ</strong></span> <span class='ocrx_word' id='word_1_217' title='bbox 991 2450 1095 2538; x_wconf 87' lang='grc' dir='ltr'><strong><em>φίλον,</em></strong></span> <span class='ocrx_word' id='word_1_218' title='bbox 1109 2448 1156 2517; x_wconf 85' lang='grc' dir='ltr'><strong>εί-</strong></span> 
     </span>
     <span class='ocr_line' id='line_1_26' title="bbox 99 2536 1156 2619; baseline -0.002 -17"><span class='ocrx_word' id='word_1_219' title='bbox 99 2536 243 2619; x_wconf 87' lang='grc' dir='ltr'><strong><em>σόμεθα.</em></strong></span> <span class='ocrx_word' id='word_1_220' title='bbox 265 2576 305 2583; x_wconf 89' lang='grc'><strong>-</strong></span> <span class='ocrx_word' id='word_1_221' title='bbox 322 2540 412 2600; x_wconf 91' lang='lat' dir='ltr'><strong>Velim</strong></span> <span class='ocrx_word' id='word_1_222' title='bbox 428 2540 515 2600; x_wconf 89' lang='lat' dir='ltr'><strong>etiam</strong></span> <span class='ocrx_word' id='word_1_223' title='bbox 531 2541 604 2599; x_wconf 87' lang='lat' dir='ltr'><strong>haec</strong></span> <span class='ocrx_word' id='word_1_224' title='bbox 619 2539 730 2600; x_wconf 91' lang='lat' dir='ltr'><strong>scholia</strong></span> <span class='ocrx_word' id='word_1_225' title='bbox 745 2539 899 2617; x_wconf 87' lang='lat' dir='ltr'><strong>aliquando</strong></span> <span class='ocrx_word' id='word_1_226' title='bbox 915 2539 1061 2617; x_wconf 83' lang='lat' dir='ltr'><strong>integrum</strong></span> <span class='ocrx_word' id='word_1_227' title='bbox 1076 2540 1156 2600; x_wconf 84' lang='lat' dir='ltr'><strong>foras</strong></span> 
     </span>
     <span class='ocr_line' id='line_1_27' title="bbox 97 2623 1156 2703; baseline -0.002 -17"><span class='ocrx_word' id='word_1_228' title='bbox 97 2626 232 2686; x_wconf 81' lang='lat' dir='ltr'><strong>edantur.</strong></span> <span class='ocrx_word' id='word_1_229' title='bbox 260 2625 393 2703; x_wconf 82' lang='lat' dir='ltr'><strong>Namque</strong></span> <span class='ocrx_word' id='word_1_230' title='bbox 413 2624 526 2685; x_wconf 89' lang='lat' dir='ltr'><strong>etiamsi</strong></span> <span class='ocrx_word' id='word_1_231' title='bbox 546 2625 636 2685; x_wconf 87' lang='lat' dir='ltr'><strong>muita</strong></span> <span class='ocrx_word' id='word_1_232' title='bbox 652 2623 734 2684; x_wconf 93' lang='lat' dir='ltr'><strong>iniis</strong></span> <span class='ocrx_word' id='word_1_233' title='bbox 750 2632 819 2684; x_wconf 93' lang='lat' dir='ltr'><strong>sunt</strong></span> <span class='ocrx_word' id='word_1_234' title='bbox 833 2624 917 2702; x_wconf 90' lang='lat' dir='ltr'><strong>plane</strong></span> <span class='ocrx_word' id='word_1_235' title='bbox 932 2624 1043 2702; x_wconf 85' lang='lat' dir='ltr'><strong>inepta,</strong></span> <span class='ocrx_word' id='word_1_236' title='bbox 1059 2631 1156 2684; x_wconf 90' lang='lat' dir='ltr'><strong>tamen</strong></span> 
     </span>
    </p>
   </div>
   <div class='ocr_carea' id='block_1_3' title="bbox 94 2793 1243 3194">
    <p class='ocr_par' dir='ltr' id='par_1_3' title="bbox 94 2793 1155 2960">
     <span class='ocr_line' id='line_1_28' title="bbox 95 2793 1154 2873; baseline -0.001 -16"><span class='ocrx_word' id='word_1_237' title='bbox 95 2797 152 2857; x_wconf 92' lang='lat' dir='ltr'><strong>bus</strong></span> <span class='ocrx_word' id='word_1_238' title='bbox 168 2795 257 2855; x_wconf 87' lang='lat' dir='ltr'><strong>fuerit</strong></span> <span class='ocrx_word' id='word_1_239' title='bbox 274 2795 346 2854; x_wconf 90' lang='lat' dir='ltr'><strong>artis</strong></span> <span class='ocrx_word' id='word_1_240' title='bbox 363 2795 567 2873; x_wconf 82' lang='lat' dir='ltr'><strong>grammaticae</strong></span> <span class='ocrx_word' id='word_1_241' title='bbox 578 2795 710 2856; x_wconf 89' lang='lat' dir='ltr'><strong>tractatio</strong></span> <span class='ocrx_word' id='word_1_242' title='bbox 722 2802 788 2873; x_wconf 88' lang='lat' dir='ltr'><strong>apte</strong></span> <span class='ocrx_word' id='word_1_243' title='bbox 800 2793 928 2868; x_wconf 86' lang='lat' dir='ltr'><strong>iudicari,</strong></span> <span class='ocrx_word' id='word_1_244' title='bbox 943 2795 1001 2855; x_wconf 89' lang='lat' dir='ltr'><strong>nisi</strong></span> <span class='ocrx_word' id='word_1_245' title='bbox 1016 2795 1154 2856; x_wconf 92' lang='lat' dir='ltr'><strong>omnibus</strong></span> 
     </span>
     <span class='ocr_line' id='line_1_29' title="bbox 94 2879 1155 2960; baseline 0.002 -20"><span class='ocrx_word' id='word_1_246' title='bbox 94 2881 216 2960; x_wconf 88' lang='lat' dir='ltr'><strong>prolatis</strong></span> <span class='ocrx_word' id='word_1_247' title='bbox 232 2887 261 2939; x_wconf 93' lang='lat' dir='ltr'><strong>et</strong></span> <span class='ocrx_word' id='word_1_248' title='bbox 276 2885 411 2939; x_wconf 86' lang='lat' dir='ltr'><strong>contextu</strong></span> <span class='ocrx_word' id='word_1_249' title='bbox 427 2879 540 2953; x_wconf 89' lang='lat' dir='ltr'><strong>eodem,</strong></span> <span class='ocrx_word' id='word_1_250' title='bbox 556 2898 614 2958; x_wconf 91' lang='lat' dir='ltr'><strong>quo</strong></span> <span class='ocrx_word' id='word_1_251' title='bbox 630 2880 660 2940; x_wconf 93' lang='lat' dir='ltr'><strong>in</strong></span> <span class='ocrx_word' id='word_1_252' title='bbox 676 2880 746 2940; x_wconf 88' lang='lat' dir='ltr'><strong>Mss.</strong></span> <span class='ocrx_word' id='word_1_253' title='bbox 761 2880 904 2958; x_wconf 86' lang='lat' dir='ltr'><strong>leguntur,</strong></span> <span class='ocrx_word' id='word_1_254' title='bbox 918 2887 1040 2941; x_wconf 91' lang='lat' dir='ltr'><strong>servato.</strong></span> <span class='ocrx_word' id='word_1_255' title='bbox 1063 2883 1155 2942; x_wconf 82' lang='lat' dir='ltr'><strong>Acce·</strong></span> 
     </span>
    </p>

    <p class='ocr_par' dir='ltr' id='par_1_4' title="bbox 95 2963 1243 3194">
     <span class='ocr_line' id='line_1_30' title="bbox 96 2963 1243 3045; baseline -0.001 -20"><span class='ocrx_word' id='word_1_256' title='bbox 96 2965 139 3025; x_wconf 91' lang='lat' dir='ltr'><strong>dit</strong></span> <span class='ocrx_word' id='word_1_257' title='bbox 153 2965 233 3043; x_wconf 87' lang='lat' dir='ltr'><strong>quod</strong></span> <span class='ocrx_word' id='word_1_258' title='bbox 249 2964 347 3042; x_wconf 89' lang='lat' dir='ltr'><strong>utique</strong></span> <span class='ocrx_word' id='word_1_259' title='bbox 362 2965 518 3025; x_wconf 91' lang='lat' dir='ltr'><strong>molestum</strong></span> <span class='ocrx_word' id='word_1_260' title='bbox 534 2972 587 3036; x_wconf 90' lang='lat' dir='ltr'><strong>est,</strong></span> <span class='ocrx_word' id='word_1_261' title='bbox 604 2963 761 3026; x_wconf 79' lang='lat' dir='ltr'><strong>decurtatis</strong></span> <span class='ocrx_word' id='word_1_262' title='bbox 776 2972 863 3044; x_wconf 90' lang='lat' dir='ltr'><strong>atque</strong></span> <span class='ocrx_word' id='word_1_263' title='bbox 880 2965 1022 3045; x_wconf 81' lang='lat' dir='ltr'><strong>excerptis</strong></span> <span class='ocrx_word' id='word_1_264' title='bbox 1037 2965 1089 3034; x_wconf 87' lang='lat' dir='ltr'><strong>uti,</strong></span> <span class='ocrx_word' id='word_1_265' title='bbox 1106 2963 1155 3025; x_wconf 93' lang='lat' dir='ltr'><strong>ubi</strong></span> <span class='ocrx_word' id='word_1_266' title='bbox 1239 3029 1243 3035; x_wconf 56' lang='grc'><strong><em>,</em></strong></span> 
     </span>
     <span class='ocr_line' id='line_1_31' title="bbox 95 3049 1156 3128; baseline -0.001 -19"><span class='ocrx_word' id='word_1_267' title='bbox 95 3068 213 3128; x_wconf 85' lang='lat' dir='ltr'><strong>semper</strong></span> <span class='ocrx_word' id='word_1_268' title='bbox 228 3049 389 3118; x_wconf 86' lang='lat' dir='ltr'><strong>timendum</strong></span> <span class='ocrx_word' id='word_1_269' title='bbox 405 3067 442 3109; x_wconf 91' lang='lat' dir='ltr'><strong>ne</strong></span> <span class='ocrx_word' id='word_1_270' title='bbox 456 3049 596 3128; x_wconf 80' lang='lat' dir='ltr'><strong>gravioris</strong></span> <span class='ocrx_word' id='word_1_271' title='bbox 612 3049 717 3128; x_wconf 88' lang='lat' dir='ltr'><strong>aliquid</strong></span> <span class='ocrx_word' id='word_1_272' title='bbox 733 3050 875 3110; x_wconf 84' lang='lat' dir='ltr'><strong>momenti</strong></span> <span class='ocrx_word' id='word_1_273' title='bbox 890 3050 977 3110; x_wconf 92' lang='lat' dir='ltr'><strong>nobis</strong></span> <span class='ocrx_word' id='word_1_274' title='bbox 993 3049 1029 3109; x_wconf 87' lang='lat' dir='ltr'><strong>ab</strong></span> <span class='ocrx_word' id='word_1_275' title='bbox 1044 3049 1156 3110; x_wconf 85' lang='lat' dir='ltr'><strong>editore</strong></span> 
     </span>
     <span class='ocr_line' id='line_1_32' title="bbox 96 3133 339 3194; baseline -0.004 0"><span class='ocrx_word' id='word_1_276' title='bbox 96 3134 276 3194; x_wconf 87' lang='lat' dir='ltr'><strong>subtractum</strong></span> <span class='ocrx_word' id='word_1_277' title='bbox 293 3133 339 3193; x_wconf 89' lang='lat' dir='ltr'><strong>sit.</strong></span> 
     </span>
    </p>
   </div>
   <div class='ocr_carea' id='block_1_4' title="bbox 581 3266 1195 3346">
    <p class='ocr_par' dir='ltr' id='par_1_5' title="bbox 581 3266 1195 3346">
     <span class='ocr_line' id='line_1_33' title="bbox 581 3266 1195 3346; baseline 0.003 -22"><span class='ocrx_word' id='word_1_278' title='bbox 581 3266 665 3338; x_wconf 72' lang='lat' dir='ltr'><strong>sio.</strong></span> <span class='ocrx_word' id='word_1_279' title='bbox 1170 3307 1195 3346; x_wconf 71' lang='lat' dir='ltr'><strong>a</strong></span> 
     </span>
    </p>
   </div>
   <div class='ocr_carea' id='block_1_5' title="bbox 96 3382 1156 4053">
    <p class='ocr_par' dir='ltr' id='par_1_6' title="bbox 96 3382 1156 4053">
     <span class='ocr_line' id='line_1_34' title="bbox 182 3382 1155 3460; baseline -0.005 -17"><span class='ocrx_word' id='word_1_280' title='bbox 182 3384 250 3444; x_wconf 90' lang='lat' dir='ltr'><strong>Scio</strong></span> <span class='ocrx_word' id='word_1_281' title='bbox 265 3383 408 3444; x_wconf 82' lang='lat' dir='ltr'><strong>lubricum</strong></span> <span class='ocrx_word' id='word_1_282' title='bbox 425 3403 505 3456; x_wconf 89' lang='lat' dir='ltr'><strong>esse,</strong></span> <span class='ocrx_word' id='word_1_283' title='bbox 527 3384 702 3444; x_wconf 85' lang='lat' dir='ltr'><strong>litteratores</strong></span> <span class='ocrx_word' id='word_1_284' title='bbox 718 3384 894 3460; x_wconf 85' lang='lat' dir='ltr'><strong>Byzantinos</strong></span> <span class='ocrx_word' id='word_1_285' title='bbox 915 3382 952 3442; x_wconf 90' lang='lat' dir='ltr'><strong>ad</strong></span> <span class='ocrx_word' id='word_1_286' title='bbox 973 3386 1066 3439; x_wconf 89' lang='lat' dir='ltr'><strong>certas</strong></span> <span class='ocrx_word' id='word_1_287' title='bbox 1087 3398 1155 3439; x_wconf 91' lang='lat' dir='ltr'><strong>suc-</strong></span> 
     </span>
     <span class='ocr_line' id='line_1_35' title="bbox 100 3462 1154 3544; baseline -0.005 -16"><span class='ocrx_word' id='word_1_288' title='bbox 100 3468 248 3528; x_wconf 90' lang='lat' dir='ltr'><strong>cessiones</strong></span> <span class='ocrx_word' id='word_1_289' title='bbox 265 3468 429 3528; x_wconf 89' lang='lat' dir='ltr'><strong>describere</strong></span> <span class='ocrx_word' id='word_1_290' title='bbox 444 3468 530 3539; x_wconf 79' lang='lat' dir='ltr'><strong>velle3</strong></span> <span class='ocrx_word' id='word_1_291' title='bbox 544 3485 649 3544; x_wconf 85' lang='lat' dir='ltr'><strong>neque,</strong></span> <span class='ocrx_word' id='word_1_292' title='bbox 664 3467 689 3525; x_wconf 92' lang='lat' dir='ltr'><strong>si</strong></span> <span class='ocrx_word' id='word_1_293' title='bbox 705 3466 849 3524; x_wconf 90' lang='lat' dir='ltr'><strong>eiusmodi</strong></span> <span class='ocrx_word' id='word_1_294' title='bbox 865 3463 1026 3542; x_wconf 90' lang='lat' dir='ltr'><strong>periculum</strong></span> <span class='ocrx_word' id='word_1_295' title='bbox 1042 3462 1154 3533; x_wconf 87' lang='lat' dir='ltr'><strong>faciam,</strong></span> 
     </span>
     <span class='ocr_line' id='line_1_36' title="bbox 97 3547 1155 3626; baseline -0.006 -14"><span class='ocrx_word' id='word_1_296' title='bbox 97 3552 177 3612; x_wconf 88' lang='lat' dir='ltr'><strong>aliud</strong></span> <span class='ocrx_word' id='word_1_297' title='bbox 196 3552 266 3612; x_wconf 90' lang='lat' dir='ltr'><strong>mibi</strong></span> <span class='ocrx_word' id='word_1_298' title='bbox 286 3553 362 3622; x_wconf 87' lang='lat' dir='ltr'><strong>volo,</strong></span> <span class='ocrx_word' id='word_1_299' title='bbox 382 3552 438 3612; x_wconf 89' lang='lat' dir='ltr'><strong>nisi</strong></span> <span class='ocrx_word' id='word_1_300' title='bbox 454 3552 490 3612; x_wconf 93' lang='lat' dir='ltr'><strong>ad</strong></span> <span class='ocrx_word' id='word_1_301' title='bbox 506 3552 598 3626; x_wconf 90' lang='lat' dir='ltr'><strong>aliqua</strong></span> <span class='ocrx_word' id='word_1_302' title='bbox 613 3550 730 3608; x_wconf 91' lang='lat' dir='ltr'><strong>tandem</strong></span> <span class='ocrx_word' id='word_1_303' title='bbox 745 3547 917 3607; x_wconf 89' lang='lat' dir='ltr'><strong>lineamenta</strong></span> <span class='ocrx_word' id='word_1_304' title='bbox 932 3547 1057 3607; x_wconf 91' lang='lat' dir='ltr'><strong>breviter</strong></span> <span class='ocrx_word' id='word_1_305' title='bbox 1070 3565 1155 3608; x_wconf 90' lang='lat' dir='ltr'><strong>revo—</strong></span> 
     </span>
     <span class='ocr_line' id='line_1_37' title="bbox 98 3631 1153 3714; baseline -0.005 -17"><span class='ocrx_word' id='word_1_306' title='bbox 98 3655 177 3708; x_wconf 89' lang='lat' dir='ltr'><strong>care,</strong></span> <span class='ocrx_word' id='word_1_307' title='bbox 197 3655 270 3714; x_wconf 88' lang='lat' dir='ltr'><strong>quae</strong></span> <span class='ocrx_word' id='word_1_308' title='bbox 292 3635 403 3713; x_wconf 90' lang='lat' dir='ltr'><strong>passim</strong></span> <span class='ocrx_word' id='word_1_309' title='bbox 424 3643 452 3694; x_wconf 87' lang='lat' dir='ltr'><strong>et</strong></span> <span class='ocrx_word' id='word_1_310' title='bbox 467 3633 585 3693; x_wconf 88' lang='lat' dir='ltr'><strong>disiecte</strong></span> <span class='ocrx_word' id='word_1_311' title='bbox 601 3633 759 3708; x_wconf 85' lang='lat' dir='ltr'><strong>disceptata</strong></span> <span class='ocrx_word' id='word_1_312' title='bbox 780 3638 850 3690; x_wconf 92' lang='lat' dir='ltr'><strong>sunt</strong></span> <span class='ocrx_word' id='word_1_313' title='bbox 865 3631 894 3691; x_wconf 93' lang='lat' dir='ltr'><strong>in</strong></span> <span class='ocrx_word' id='word_1_314' title='bbox 909 3631 1153 3693; x_wconf 80' lang='lat' dir='ltr'><strong>antecedentibus</strong></span> 
     </span>
     <span class='ocr_line' id='line_1_38' title="bbox 97 3715 1155 3798; baseline -0.005 -16"><span class='ocrx_word' id='word_1_315' title='bbox 97 3722 211 3783; x_wconf 87' lang='lat' dir='ltr'><strong>Censeo</strong></span> <span class='ocrx_word' id='word_1_316' title='bbox 233 3721 321 3798; x_wconf 83' lang='lat' dir='ltr'><strong>igitur</strong></span> <span class='ocrx_word' id='word_1_317' title='bbox 340 3718 444 3797; x_wconf 90' lang='lat' dir='ltr'><strong>primis</strong></span> <span class='ocrx_word' id='word_1_318' title='bbox 461 3717 627 3795; x_wconf 83' lang='lat' dir='ltr'><strong>Cpolitanae</strong></span> <span class='ocrx_word' id='word_1_319' title='bbox 646 3715 814 3793; x_wconf 87' lang='lat' dir='ltr'><strong>disciplinae</strong></span> <span class='ocrx_word' id='word_1_320' title='bbox 832 3715 1015 3794; x_wconf 88' lang='lat' dir='ltr'><strong>temporibus</strong></span> <span class='ocrx_word' id='word_1_321' title='bbox 1031 3717 1155 3779; x_wconf 90' lang='lat' dir='ltr'><strong>dandam</strong></span> 
     </span>
     <span class='ocr_line' id='line_1_39' title="bbox 97 3800 1155 3882; baseline -0.005 -16"><span class='ocrx_word' id='word_1_322' title='bbox 97 3826 163 3866; x_wconf 93' lang='lat' dir='ltr'><strong>esse</strong></span> <span class='ocrx_word' id='word_1_323' title='bbox 183 3804 408 3882; x_wconf 89' lang='lat' dir='ltr'><strong>conceptionem</strong></span> <span class='ocrx_word' id='word_1_324' title='bbox 429 3800 633 3880; x_wconf 82' lang='lat' dir='ltr'><strong>grammaticae</strong></span> <span class='ocrx_word' id='word_1_325' title='bbox 647 3800 778 3879; x_wconf 80' lang='lat' dir='ltr'><strong>Dionysii</strong></span> <span class='ocrx_word' id='word_1_326' title='bbox 794 3801 914 3861; x_wconf 86' lang='lat' dir='ltr'><strong>Thracis</strong></span> <span class='ocrx_word' id='word_1_327' title='bbox 937 3820 1010 3879; x_wconf 89' lang='lat' dir='ltr'><strong>quae</strong></span> <span class='ocrx_word' id='word_1_328' title='bbox 1025 3810 1155 3864; x_wconf 90' lang='lat' dir='ltr'><strong>vocatur.</strong></span> 
     </span>
     <span class='ocr_line' id='line_1_40' title="bbox 96 3885 1156 3967; baseline -0.004 -17"><span class='ocrx_word' id='word_1_329' title='bbox 96 3890 210 3950; x_wconf 84' lang='lat' dir='ltr'><strong>Exinde</strong></span> <span class='ocrx_word' id='word_1_330' title='bbox 231 3889 367 3948; x_wconf 82' lang='lat' dir='ltr'><strong>floruisse</strong></span> <span class='ocrx_word' id='word_1_331' title='bbox 382 3885 583 3947; x_wconf 85' lang='lat' dir='ltr'><strong>Theodosium</strong></span> <span class='ocrx_word' id='word_1_332' title='bbox 603 3885 843 3956; x_wconf 79' lang='lat' dir='ltr'><strong>Alexandrinum,</strong></span> <span class='ocrx_word' id='word_1_333' title='bbox 864 3886 917 3965; x_wconf 55' lang='lat' dir='ltr'><strong>quiv</strong></span> <span class='ocrx_word' id='word_1_334' title='bbox 934 3886 995 3947; x_wconf 86' lang='lat' dir='ltr'><strong>sive</strong></span> <span class='ocrx_word' id='word_1_335' title='bbox 1014 3905 1156 3967; x_wconf 91' lang='lat' dir='ltr'><strong>compen-</strong></span> 
     </span>
     <span class='ocr_line' id='line_1_41' title="bbox 98 3970 1155 4053; baseline -0.004 -19"><span class='ocrx_word' id='word_1_336' title='bbox 98 3975 179 4036; x_wconf 88' lang='lat' dir='ltr'><strong>dium</strong></span> <span class='ocrx_word' id='word_1_337' title='bbox 195 3974 273 4034; x_wconf 90' lang='lat' dir='ltr'><strong>istud</strong></span> <span class='ocrx_word' id='word_1_338' title='bbox 288 3979 474 4045; x_wconf 81' lang='lat' dir='ltr'><strong>accentuum,</strong></span> <span class='ocrx_word' id='word_1_339' title='bbox 491 3971 573 4032; x_wconf 90' lang='lat' dir='ltr'><strong>ouius</strong></span> <span class='ocrx_word' id='word_1_340' title='bbox 588 3970 828 4051; x_wconf 91' lang='lat' dir='ltr'><strong>interpretatione</strong></span> <span class='ocrx_word' id='word_1_341' title='bbox 843 3972 911 4034; x_wconf 89' lang='lat' dir='ltr'><strong>olim</strong></span> <span class='ocrx_word' id='word_1_342' title='bbox 928 3971 1067 4053; x_wconf 76' lang='lat' dir='ltr'><strong>dionysio</strong></span> <span class='ocrx_word' id='word_1_343' title='bbox 1083 3989 1155 4050; x_wconf 90' lang='lat' dir='ltr'><strong>pro-</strong></span> 
     </span>
    </p>
   </div>
   <div class='ocr_carea' id='block_1_6' title="bbox 0 0 1290 4530">
    <p class='ocr_par' dir='ltr' id='par_1_7' title="bbox 0 0 1290 4530">
     <span class='ocr_line' id='line_1_42' title="bbox 0 0 1290 4530; baseline 0 0"><span class='ocrx_word' id='word_1_344' title='bbox 0 0 1290 4530; x_wconf 95' lang='lat' dir='ltr'><strong> </strong></span> 
     </span>
    </p>
   </div>
  </div>
 </body>
</html>
