2558 4530
443 389 586 458 Peripat
575 392 687 446 t.etieo
1041 399 1093 451 109

30 569 67 610 ex
87 550 209 610 nomine
214 543 518 651 Πραξιφάνης,ιιι
486 548 672 610 utscboliou
692 550 780 612 fuerit
800 552 957 629 superioris
978 571 1092 631 prono—

30 635 121 694 minis
142 627 307 710 αὖτάνθῖ).
338 636 372 695 ln
393 634 608 714 sequentibus
600 652 630 693 m
651 636 736 695 codd.
758 643 787 697 et
802 636 866 696 edd
882 637 1007 698 desunt
1000 646 1089 698 mter-

30 720 175 780 iectiones
196 711 270 781 αἰαῖ
292 727 321 780 et
342 717 420 803 φεῦ,
442 737 513 799 quas
534 720 706 780 inserendas
726 739 792 781 esse
807 720 899 780 vidit'
892 741 949 782 ram
968 723 1093 782 lluretus

31 806 97 865 Var.
118 805 196 865 Lect
212 805 239 876 Ι,
266 805 313 864 16
343 805 400 876 Qui
419 804 523 864 deinde
543 814 706 900 sequuntur
726 824 828 866 versus
850 815 920 866 sunt
946 807 1094 884 Euripidis

30 909 66 950 ex
85 890 210 968 prologo
227 852 371 967 bleleagri
390 908 415 949 v.
433 889 650 950 Valckenaerin
666 891 767 969 Eurip.
783 891 887 970 perdit.
905 892 996 951 dram.
1013 891 1094 969 reliq.

120 1059 150 1120 V
180 1058 349 1118 Proculus
342 1075 372 1117 in
387 1058 515 1119 Platonis
532 1058 683 1119 Timaeum
706 1060 750 1119 ed.
770 1059 856 1120 Basil.
878 1080 903 1119 a.
928 1059 1059 1157 1534p.
1076 1061 1094 1118 5

31 1132 82 1217 εἷς
113 1137 172 1204 δύο
203 1143 297 1244 τρεῖς.
328 1133 345 1204 ὁ
373 1136 410 1203 δὲ
426 1139 477 1244 δὴ
507 1136 663 1245 τέταρτος
677 1137 805 1245 ἡμῖν,
808 1132 836 1204 ὦ
856 1137 948 1244 φίλε
973 1137 1096 1221 Τίμαιε

31 1248 99 1289 που
128 1220 252 1304 κιλλ(Ι
230 1248 265 1306 oq
266 1247 299 1286 ια
252 1225 366 1322 ρτῇ
374 1221 504 1330 χάριτι
526 1223 584 1289 καὶ
594 1225 644 1328 τῇ
667 1222 737 1311 ὥρᾳ
758 1226 823 1288 τῶν
847 1221 1016 1306 ὀνομάτων
1037 1223 1092 1289 καὶ

32 1309 91 1373 διά
123 1315 190 1414 τῆς
210 1309 336 1414 τροπῆς
356 1305 473 1412 ἐπῆρε
500 1307 559 1372 καὶ
590 1305 707 1391 ν’ψωσε
736 1333 795 1412 την
822 1306 909 1416 ὃλην
927 1307 1094 1408 περίοδον.

30 1391 248 1499 Πραξιφάνης
280 1387 365 1456 dd
350 1416 368 1457 o
400 1395 458 1457 τοῦ
468 1388 750 1498 Θεοφράστουί
733 1397 865 1498 εταῖρρς
894 1391 1023 1496 ἐγκαλεῖ
1046 1395 1094 1479 τῷ

29 1477 204 1557 Πλάτωνι,
228 1500 360 1562 πρωτον
382 1475 442 1581 μέν
465 1473 515 1541 ὅτι
541 1471 753 1582 τράάηλον’
731 1502 769 1542 ον
791 1477 848 1543 καὶ
871 1479 909 1567 τῇ
934 1456 1091 1583 αἰσθήσει

30 1561 145 1670 pordotp
133 1585 193 1644 μον
214 1586 261 1647 τῳ
247 1558 443 1667 Σωκράτῃ
459 1560 644 1668 περιέθηκε
665 1562 703 1626 τά
727 1551 775 1639 εἷς
794 1561 853 1628 dv'o
855 1568 966 1668 τρεῖς
983 1560 1018 1627 τί
1032 1563 1093 1647 γάρ

30 1646 142 1712 ἐδεῖτο
163 1647 221 1749 τοῦ
243 1623 342 1748 Ιῖριθι
344 1648 402 1709 ιεῖν
397 1642 640 1752 οΣωκράτης,
664 1646 718 1710 ἵνα
740 1670 803 1733 μνφ
825 1670 863 1712 το
855 1647 1075 1754 πλῆθος
1029 1672 1093 1712 των
1111 1671 1137 1710 ιι

30 1729 268 1838 άντηντηκότων
295 1726 342 1806 εἰς
366 1729 425 1834 τήν
451 1729 639 1807 οονοοσίαν;
667 1729 816 1834 δεύτερον
839 1731 923 1797 dd‘'
902 1757 956 1797 οτι
977 1734 1016 1797 τά
1037 1731 1092 1798 τέ-

29 1840 149 1923 ταρτος
182 1813 371 1920 ἐξήλλαξε
369 1839 427 1879 και
459 1811 498 1880 οὐ
491 1818 698 1922 συμφωνεῖ
727 1820 798 1894 τοῖς
824 1817 1091 1923 προειρημένοις.

30 1898 217 1966 ἀκόλουθον
239 1892 300 2007 poio
322 1900 371 2000 uqi
392 1897 452 1982 μὲν
475 1889 523 1976 εἷς
545 1898 605 1964 δύο
627 1903 713 2005 τρεῖς
733 1900 773 1965 τά
794 1900 959 2002 τέτταρες,
986 1926 1092 2012 τιρ
1058 1902 1094 1966 δε

29 1984 184 2093 τέταρτος
214 1985 252 2050 τὸ
284 2008 418 2070 πρωτος
445 1983 596 2071 δεύτερος
621 1981 740 2068 τρίτος.
777 1987 881 2050 ταῦτα
907 1985 966 2067 μὲν
994 2009 1050 2050 ουν
1077 1982 1095 2050 ὁ

30 2069 153 2136 ἐκείνου
176 2072 284 2152 μῦθος
305 2069 372 2133 κτλ.
408 2074 547 2152 Sequitur
568 2074 704 2134 refutatio
726 2073 895 2152 Porphyrii,
911 2092 967 2152 qua
984 2074 1093 2133 insulsa

30 2161 68 2219 ist
70 2181 84 2219 a
101 2177 223 2220 censura
237 2159 311 2218 hene
327 2159 491 2219 discutitur
519 2159 628 2218 becent
641 2158 707 2218 talia
723 2158 832 2218 Rufum
847 2160 937 2219 istum
953 2160 1030 2236 apud
1046 2159 1094 2218 lu-

29 2245 160 2304 venalem
175 2244 232 2315 Vll,
248 2243 321 2315 243,
337 2244 407 2320 „qui
418 2243 506 2303 toties
518 2244 690 2303 Ciceronem
702 2242 857 2321 Allobroga
872 2244 973 2304 dixit.“
995 2244 1095 2322 Neque

29 2348 99 2389 vero
116 2329 250 2405 equidem
266 2335 387 2405 propter
402 2327 459 2386 boo
473 2345 567 2386 unum
581 2327 719 2386 iudicium
736 2327 868 2386 vilissimi
880 2329 1092 2406 Praxiplranem

28 2413 141 2491 ingenii
161 2412 253 2471 fuisse
274 2428 340 2469 cum
355 2411 516 2469 Muetzellio
538 2410 574 2469 de
597 2410 712 2469 emend.
727 2411 837 2487 Theog.
854 2412 971 2470 Hesiod.
988 2433 1016 2488 p.
1032 2413 1093 2472 279

28 2495 203 2565 statuerim,
226 2494 276 2553 sed
296 2495 427 2553 virum'a
448 2492 640 2571 scriptoribus
659 2493 693 2551 ad
710 2511 818 2552 novum
833 2495 932 2553 invent
920 2502 981 2553 tum
998 2515 1093 2572 gram-

27 2581 156 2643 maticae
177 2578 350 2656 castigandis
370 2585 517 2637 recentem
539 2577 645 2655 aliquot
646 2594 719 2636 enus
735 2595 889 2638 excusaret
891 2597 939 2647 un
955 2587 987 2637 ut
1002 2579 1097 2640 solent

30 2667 79 2746 qui
108 2663 196 2744 primi
222 2671 308 2759 atque
328 2669 459 2722 recentes
479 2662 603 2757 aliquam
625 2670 715 2722 artem
737 2663 864 2723 colunt'
855 2682 886 2723 ιιι
906 2663 969 2722 eius
989 2664 1094 2742 regulis

29 2749 212 2812 inculcandis
233 2736 356 2807 riimium
377 2746 491 2806 morosi
511 2755 538 2806 et
559 2747 658 2807 tristes
674 2765 748 2806 esse
777 2748 989 2827 Maximeque„
995 2768 1093 2811 saevas

30 2838 184 2931 imponere
199 2833 296 2928 leges‘
313 2840 411 2892 amant
425 2832 614 2910 grammatici,
629 2832 889 2910 inaequabilitatem
902 2836 1093 2896 consuetudi-

30 2921 76 2980 nis
98 2920 132 2979 ad
153 2917 276 2978 rationis
296 2917 525 2996 aequabilitatem
547 2917 728 2994 adstringere
748 2918 839 2992 soliti,
859 2919 990 2998 quodt
963 2921 1092 2981 studium

31 3006 67 3066 ab
91 3002 256 3064 ambitiosis
280 3001 403 3080 ingeniis
430 3020 497 3062 cum
516 3001 670 3062 fastidioso
691 3019 914 3082 nonnumquam
937 3005 1092 3083 supercilio

31 3096 189 3149 exercetur.
215 3087 323 3165 [Neque
337 3088 436 3147 minus
449 3094 570 3164 angusta
587 3094 649 3147 erat
664 3087 842 3166 Protagorae
857 3088 1009 3167 sophistae
1019 3090 1093 3150 alio-

31 3192 158 3252 rumque
179 3172 215 3232 de
230 3171 373 3250 principio
389 3171 536 3250 Odysseae
552 3190 690 3241 censura,
711 3191 797 3250 quam
818 3181 964 3232 memorat
979 3175 1092 3234 Aristo-

30 3259 103 3319 teles
118 3258 200 3318 Poet.
217 3277 241 3316 c.
256 3256 308 3328 19,
323 3255 373 3316 ubi
388 3256 452 3317 vide
463 3256 656 3334 interpretes]
685 3256 786 3336 Neque
797 3257 880 3317 aliter
891 3257 921 3316 in
931 3256 1092 3317 Homerum

33 3350 183 3420 grassatus
199 3349 243 3402 est
258 3341 435 3413 Zenodotus‚
451 3341 500 3418 qui
516 3340 693 3419 Praxiphani
707 3341 767 3400 fere
783 3340 910 3418 aequalis
925 3347 987 3399 erat
1001 3341 1094 3398 idem-

33 3446 91 3504 que
121 3445 136 3486 a
161 3427 349 3503 grammatica
374 3431 507 3486 recenter
533 3425 653 3484 suborta
681 3441 797 3492 recens,
824 3443 849 3484 v.
877 3423 959 3482 Wolf
982 3422 1094 3500 Proleg.

33 3530 62 3590 p·
80 3509 338 3656 CClbl.LProculus
358 3592 387 3651 in
403 3592 517 3668 Proleg.
539 3591 573 3651 ad
589 3588 708 3649 llesiod
728 3606 757 3665 p.
780 3587 863 3666 3sq.
887 3589 931 3648 ed.
949 3585 1093 3650 Gaislord.

32 3717 236 3726 »Μ

102 3761 144 3823 32)
165 3760 309 3825 Goellerus‚
322 3760 363 3824 qui
376 3757 490 3807 restituit
502 3754 635 3822 ἔτρεψεν,
647 3755 708 3805 mire
722 3758 768 3806 hoc
779 3757 964 3820 interpretatur
973 3757 1093 3806 Demetrii

33 3831 98 3879 rhet
116 3831 148 3878 do
165 3830 259 3880 elocut.
276 3798 318 3878 lib
336 3844 359 3893 p.
376 3826 464 3886 105„
467 3824 532 3885 ,lloc
548 3824 619 3872 dicit:
638 3824 710 3888 qualo
723 3825 797 3874 etiam
809 3825 871 3873 illud
884 3823 1041 3875 Homericum
1054 3833 1094 3875 est

32 3897 79 3946 καὶ
91 3892 125 3948 νά
138 3914 155 3946 κ
152 3891 391 3974 ’ὀάιιρομένοισιις
404 3900 432 3942 ut
445 3893 498 3957 ipse
511 3891 682 3957 Proxipbnnes
691 3893 764 3941 dicit.
777 3890 860 3941 Verba
870 3893 916 3942 καὶ
925 3890 958 3944 νά
969 3911 985 3943 κ
984 3888 1046 3942 'odo
1066 3910 1094 3942 ο-

30 3965 179 4058 μένοισιν
185 3965 291 4014 decebat
307 3963 363 4012 addi
381 3968 494 4026 aposto,
511 3967 598 4025 utpote
616 3959 820 4022 significationem
838 3960 910 4012 verbi
926 3960 1093 4012 lamentabilis

32 4032 179 4082 babentiuf‘
