<?xml version="1.0" encoding="UTF-8"?>
<!DOCTYPE html PUBLIC "-//W3C//DTD XHTML 1.0 Transitional//EN"
    "http://www.w3.org/TR/xhtml1/DTD/xhtml1-transitional.dtd">
<html xmlns="http://www.w3.org/1999/xhtml" xml:lang="en" lang="en">
 <head>
  <title>
</title>
<meta http-equiv="Content-Type" content="text/html;charset=utf-8" />
  <meta name='ocr-system' content='tesseract 3.04.00' />
  <meta name='ocr-capabilities' content='ocr_page ocr_carea ocr_par ocr_line ocrx_word'/>
</head>
<body>
  <div class='ocr_page' id='page_1' title='image "./ausgewhlteaufst00prelgoog_0159.png"; bbox 0 0 2558 4530; ppageno 0'>
   <div class='ocr_carea' id='block_1_1' title="bbox 395 379 1109 450">
    <p class='ocr_par' dir='ltr' id='par_1_1' title="bbox 395 379 1109 450">
     <span class='ocr_line' id='line_1_1' title="bbox 395 379 1109 450; baseline 0.003 -16"><span class='ocrx_word' id='word_1_1' title='bbox 395 381 534 435; x_wconf 82' lang='lat' dir='ltr'>nominis</span> <span class='ocrx_word' id='word_1_2' title='bbox 552 379 767 450; x_wconf 85' lang='lat' dir='ltr'>Caryatidum.</span> <span class='ocrx_word' id='word_1_3' title='bbox 1056 383 1109 436; x_wconf 86' lang='lat'>141</span> 
     </span>
    </p>
   </div>
   <div class='ocr_carea' id='block_1_2' title="bbox 55 537 1206 2904">
    <p class='ocr_par' dir='ltr' id='par_1_2' title="bbox 56 537 1113 1127">
     <span class='ocr_line' id='line_1_2' title="bbox 56 537 1109 618; baseline 0.001 -19"><span class='ocrx_word' id='word_1_4' title='bbox 56 538 167 618; x_wconf 81' lang='lat' dir='ltr'>quippe</span> <span class='ocrx_word' id='word_1_5' title='bbox 180 538 304 616; x_wconf 89' lang='lat' dir='ltr'>virgines</span> <span class='ocrx_word' id='word_1_6' title='bbox 317 538 487 616; x_wconf 82' lang='lat' dir='ltr'>Spartanae,</span> <span class='ocrx_word' id='word_1_7' title='bbox 501 537 633 598; x_wconf 85' lang='lat' dir='ltr'>Doriensi</span> <span class='ocrx_word' id='word_1_8' title='bbox 648 538 753 598; x_wconf 92' lang='lat' dir='ltr'>vestitu</span> <span class='ocrx_word' id='word_1_9' title='bbox 768 537 885 598; x_wconf 90' lang='lat' dir='ltr'>indutas</span> <span class='ocrx_word' id='word_1_10' title='bbox 899 538 987 599; x_wconf 85' lang='lat' dir='ltr'>fuisse</span> <span class='ocrx_word' id='word_1_11' title='bbox 1001 557 1109 600; x_wconf 91' lang='lat' dir='ltr'>conve-</span> 
     </span>
     <span class='ocr_line' id='line_1_3' title="bbox 56 622 1108 703; baseline 0.002 -20"><span class='ocrx_word' id='word_1_12' title='bbox 56 624 100 684; x_wconf 91' lang='lat' dir='ltr'>nit</span> <span class='ocrx_word' id='word_1_13' title='bbox 120 642 212 702; x_wconf 92' lang='lat' dir='ltr'>eoque</span> <span class='ocrx_word' id='word_1_14' title='bbox 231 623 266 683; x_wconf 92' lang='lat' dir='ltr'>ad</span> <span class='ocrx_word' id='word_1_15' title='bbox 286 622 448 683; x_wconf 91' lang='lat' dir='ltr'>saltandum</span> <span class='ocrx_word' id='word_1_16' title='bbox 471 642 557 702; x_wconf 92' lang='lat' dir='ltr'>quam</span> <span class='ocrx_word' id='word_1_17' title='bbox 576 623 702 683; x_wconf 80' lang='lat' dir='ltr'><strong>maxime</strong></span> <span class='ocrx_word' id='word_1_18' title='bbox 721 624 957 695; x_wconf 90' lang='lat' dir='ltr'>accommodato,</span> <span class='ocrx_word' id='word_1_19' title='bbox 980 623 1030 684; x_wconf 90' lang='lat' dir='ltr'>abs</span> <span class='ocrx_word' id='word_1_20' title='bbox 1051 643 1108 703; x_wconf 92' lang='lat' dir='ltr'>quo</span> 
     </span>
     <span class='ocr_line' id='line_1_4' title="bbox 56 708 1111 787; baseline 0 -18"><span class='ocrx_word' id='word_1_21' title='bbox 56 709 158 770; x_wconf 90' lang='lat' dir='ltr'>babitu</span> <span class='ocrx_word' id='word_1_22' title='bbox 170 709 239 770; x_wconf 91' lang='lat' dir='ltr'>satis</span> <span class='ocrx_word' id='word_1_23' title='bbox 255 715 377 786; x_wconf 91' lang='lat' dir='ltr'>apparet</span> <span class='ocrx_word' id='word_1_24' title='bbox 388 727 447 781; x_wconf 76' lang='lat' dir='ltr'>eaS,</span> <span class='ocrx_word' id='word_1_25' title='bbox 463 727 536 787; x_wconf 89' lang='lat' dir='ltr'>quae</span> <span class='ocrx_word' id='word_1_26' title='bbox 550 725 628 768; x_wconf 91' lang='lat' dir='ltr'>nunc</span> <span class='ocrx_word' id='word_1_27' title='bbox 639 715 762 781; x_wconf 82' lang='lat' dir='ltr'>exstant,</span> <span class='ocrx_word' id='word_1_28' title='bbox 777 708 960 787; x_wconf 91' lang='lat' dir='ltr'>Caryatidum</span> <span class='ocrx_word' id='word_1_29' title='bbox 971 709 1111 785; x_wconf 80' lang='lat' dir='ltr'>imagines</span> 
     </span>
     <span class='ocr_line' id='line_1_5' title="bbox 57 792 1112 871; baseline -0.002 -16"><span class='ocrx_word' id='word_1_30' title='bbox 57 813 123 855; x_wconf 89' lang='lat' dir='ltr'>cum</span> <span class='ocrx_word' id='word_1_31' title='bbox 139 795 264 854; x_wconf 83' lang='lat' dir='ltr'>maxime</span> <span class='ocrx_word' id='word_1_32' title='bbox 279 793 445 853; x_wconf 91' lang='lat' dir='ltr'>abhorrere.</span> <span class='ocrx_word' id='word_1_33' title='bbox 477 793 557 864; x_wconf 85' lang='lat' dir='ltr'>Quas</span> <span class='ocrx_word' id='word_1_34' title='bbox 577 793 614 852; x_wconf 95' lang='lat' dir='ltr'>ob</span> <span class='ocrx_word' id='word_1_35' title='bbox 629 811 748 853; x_wconf 83' lang='lat' dir='ltr'>caussas</span> <span class='ocrx_word' id='word_1_36' title='bbox 764 811 890 871; x_wconf 89' lang='lat' dir='ltr'>prorsus</span> <span class='ocrx_word' id='word_1_37' title='bbox 907 792 1038 853; x_wconf 87' lang='lat' dir='ltr'>absimile</span> <span class='ocrx_word' id='word_1_38' title='bbox 1052 794 1112 854; x_wconf 86' lang='lat' dir='ltr'>veri</span> 
     </span>
     <span class='ocr_line' id='line_1_6' title="bbox 57 877 1113 957; baseline -0.002 -17"><span class='ocrx_word' id='word_1_39' title='bbox 57 886 116 952; x_wconf 90' lang='lat' dir='ltr'>est,</span> <span class='ocrx_word' id='word_1_40' title='bbox 135 879 261 957; x_wconf 86' lang='lat' dir='ltr'>virgines</span> <span class='ocrx_word' id='word_1_41' title='bbox 278 877 440 957; x_wconf 77' lang='lat' dir='ltr'>Caryatidas</span> <span class='ocrx_word' id='word_1_42' title='bbox 457 896 522 938; x_wconf 92' lang='lat' dir='ltr'>cum</span> <span class='ocrx_word' id='word_1_43' title='bbox 539 877 696 955; x_wconf 90' lang='lat' dir='ltr'>virginibus</span> <span class='ocrx_word' id='word_1_44' title='bbox 713 878 895 956; x_wconf 89' lang='lat' dir='ltr'>Canephoris</span> <span class='ocrx_word' id='word_1_45' title='bbox 911 896 1041 956; x_wconf 91' lang='lat' dir='ltr'>unquam</span> <span class='ocrx_word' id='word_1_46' title='bbox 1057 896 1113 956; x_wconf 95' lang='lat' dir='ltr'>po-</span> 
     </span>
     <span class='ocr_line' id='line_1_7' title="bbox 56 962 1113 1042; baseline -0.001 -18"><span class='ocrx_word' id='word_1_47' title='bbox 56 964 147 1025; x_wconf 91' lang='lat' dir='ltr'>tuisse</span> <span class='ocrx_word' id='word_1_48' title='bbox 162 963 317 1033; x_wconf 80' lang='lat' dir='ltr'>conlundi3</span> <span class='ocrx_word' id='word_1_49' title='bbox 334 963 411 1042; x_wconf 93' lang='lat' dir='ltr'>quod</span> <span class='ocrx_word' id='word_1_50' title='bbox 428 963 454 1023; x_wconf 92' lang='lat' dir='ltr'>si</span> <span class='ocrx_word' id='word_1_51' title='bbox 469 963 566 1037; x_wconf 89' lang='lat' dir='ltr'>datur,</span> <span class='ocrx_word' id='word_1_52' title='bbox 582 981 684 1023; x_wconf 90' lang='lat' dir='ltr'>vereor</span> <span class='ocrx_word' id='word_1_53' title='bbox 698 963 832 1042; x_wconf 87' lang='lat' dir='ltr'>equidem</span> <span class='ocrx_word' id='word_1_54' title='bbox 847 963 940 1025; x_wconf 90' lang='lat' dir='ltr'>utilia</span> <span class='ocrx_word' id='word_1_55' title='bbox 954 962 1113 1040; x_wconf 90' lang='lat' dir='ltr'>Boettigeri</span> 
     </span>
     <span class='ocr_line' id='line_1_8' title="bbox 57 1047 544 1127; baseline -0.004 -18"><span class='ocrx_word' id='word_1_56' title='bbox 57 1050 268 1127; x_wconf 81' lang='lat' dir='ltr'>argumentatio</span> <span class='ocrx_word' id='word_1_57' title='bbox 286 1048 355 1108; x_wconf 90' lang='lat' dir='ltr'>satis</span> <span class='ocrx_word' id='word_1_58' title='bbox 371 1047 482 1108; x_wconf 86' lang='lat' dir='ltr'>munita</span> <span class='ocrx_word' id='word_1_59' title='bbox 498 1048 544 1108; x_wconf 91' lang='lat' dir='ltr'>sit.</span> 
     </span>
    </p>

    <p class='ocr_par' dir='ltr' id='par_1_3' title="bbox 55 1132 1206 2904">
     <span class='ocr_line' id='line_1_9' title="bbox 140 1132 1112 1212; baseline -0.002 -18"><span class='ocrx_word' id='word_1_60' title='bbox 140 1134 269 1212; x_wconf 83' lang='lat' dir='ltr'>[lenique</span> <span class='ocrx_word' id='word_1_61' title='bbox 285 1133 363 1212; x_wconf 92' lang='lat' dir='ltr'>quod</span> <span class='ocrx_word' id='word_1_62' title='bbox 379 1133 414 1193; x_wconf 91' lang='lat' dir='ltr'>ad</span> <span class='ocrx_word' id='word_1_63' title='bbox 429 1133 458 1192; x_wconf 92' lang='lat' dir='ltr'>id</span> <span class='ocrx_word' id='word_1_64' title='bbox 473 1133 588 1205; x_wconf 87' lang='lat' dir='ltr'>attinet,</span> <span class='ocrx_word' id='word_1_65' title='bbox 610 1132 688 1211; x_wconf 89' lang='lat' dir='ltr'>quod</span> <span class='ocrx_word' id='word_1_66' title='bbox 708 1140 901 1193; x_wconf 91' lang='lat' dir='ltr'>monumenta</span> <span class='ocrx_word' id='word_1_67' title='bbox 921 1132 1040 1203; x_wconf 89' lang='lat' dir='ltr'>artium,</span> <span class='ocrx_word' id='word_1_68' title='bbox 1063 1150 1112 1192; x_wconf 89' lang='lat' dir='ltr'>se-</span> 
     </span>
     <span class='ocr_line' id='line_1_10' title="bbox 57 1217 1113 1297; baseline -0.002 -19"><span class='ocrx_word' id='word_1_69' title='bbox 57 1218 184 1279; x_wconf 91' lang='lat' dir='ltr'>cundum</span> <span class='ocrx_word' id='word_1_70' title='bbox 211 1237 283 1297; x_wconf 93' lang='lat' dir='ltr'>quae</span> <span class='ocrx_word' id='word_1_71' title='bbox 308 1218 427 1278; x_wconf 90' lang='lat' dir='ltr'>Vitruvii</span> <span class='ocrx_word' id='word_1_72' title='bbox 455 1218 665 1278; x_wconf 84' lang='lat' dir='ltr'>obtrectatores</span> <span class='ocrx_word' id='word_1_73' title='bbox 686 1219 860 1278; x_wconf 88' lang='lat' dir='ltr'>sententiam</span> <span class='ocrx_word' id='word_1_74' title='bbox 884 1236 968 1277; x_wconf 87' lang='lat' dir='ltr'>suam</span> <span class='ocrx_word' id='word_1_75' title='bbox 988 1217 1113 1277; x_wconf 85' lang='lat' dir='ltr'>maxime</span> 
     </span>
     <span class='ocr_line' id='line_1_11' title="bbox 55 1302 1112 1380; baseline 0 -18"><span class='ocrx_word' id='word_1_76' title='bbox 55 1302 270 1374; x_wconf 85' lang='lat' dir='ltr'>formaverunt,</span> <span class='ocrx_word' id='word_1_77' title='bbox 287 1303 459 1380; x_wconf 90' lang='lat' dir='ltr'>plerumque</span> <span class='ocrx_word' id='word_1_78' title='bbox 473 1302 662 1380; x_wconf 82' lang='lat' dir='ltr'>Canephoros</span> <span class='ocrx_word' id='word_1_79' title='bbox 678 1303 714 1362; x_wconf 95' lang='lat' dir='ltr'>ab</span> <span class='ocrx_word' id='word_1_80' title='bbox 729 1303 891 1363; x_wconf 80' lang='lat' dir='ltr'>architectis</span> <span class='ocrx_word' id='word_1_81' title='bbox 907 1302 941 1362; x_wconf 92' lang='lat' dir='ltr'>ad</span> <span class='ocrx_word' id='word_1_82' title='bbox 957 1303 1112 1380; x_wconf 86' lang='lat' dir='ltr'>figuratum</span> 
     </span>
     <span class='ocr_line' id='line_1_12' title="bbox 55 1387 1112 1465; baseline 0 -19"><span class='ocrx_word' id='word_1_83' title='bbox 55 1387 136 1447; x_wconf 91' lang='lat' dir='ltr'>illum</span> <span class='ocrx_word' id='word_1_84' title='bbox 152 1389 354 1449; x_wconf 88' lang='lat' dir='ltr'>columnarum</span> <span class='ocrx_word' id='word_1_85' title='bbox 365 1406 453 1448; x_wconf 91' lang='lat' dir='ltr'>usum</span> <span class='ocrx_word' id='word_1_86' title='bbox 469 1388 611 1447; x_wconf 89' lang='lat' dir='ltr'>adhibitas</span> <span class='ocrx_word' id='word_1_87' title='bbox 625 1387 719 1447; x_wconf 83' lang='lat' dir='ltr'>fuisse</span> <span class='ocrx_word' id='word_1_88' title='bbox 730 1387 893 1461; x_wconf 88' lang='lat' dir='ltr'>ostendant,</span> <span class='ocrx_word' id='word_1_89' title='bbox 906 1395 984 1447; x_wconf 91' lang='lat' dir='ltr'>recte</span> <span class='ocrx_word' id='word_1_90' title='bbox 995 1387 1112 1465; x_wconf 88' lang='lat' dir='ltr'>quidem</span> 
     </span>
     <span class='ocr_line' id='line_1_13' title="bbox 55 1471 1113 1550; baseline 0.001 -19"><span class='ocrx_word' id='word_1_91' title='bbox 55 1472 126 1533; x_wconf 92' lang='lat' dir='ltr'>illud</span> <span class='ocrx_word' id='word_1_92' title='bbox 141 1473 315 1544; x_wconf 83' lang='lat' dir='ltr'>affirmatur,</span> <span class='ocrx_word' id='word_1_93' title='bbox 331 1473 356 1532; x_wconf 89' lang='lat' dir='ltr'>si</span> <span class='ocrx_word' id='word_1_94' title='bbox 370 1472 471 1532; x_wconf 90' lang='lat' dir='ltr'>dicunt</span> <span class='ocrx_word' id='word_1_95' title='bbox 484 1473 671 1550; x_wconf 90' lang='lat' dir='ltr'>plerumque,</span> <span class='ocrx_word' id='word_1_96' title='bbox 691 1472 810 1531; x_wconf 90' lang='lat' dir='ltr'>minime</span> <span class='ocrx_word' id='word_1_97' title='bbox 825 1491 908 1545; x_wconf 90' lang='lat' dir='ltr'>vero,</span> <span class='ocrx_word' id='word_1_98' title='bbox 928 1474 953 1532; x_wconf 89' lang='lat' dir='ltr'>si</span> <span class='ocrx_word' id='word_1_99' title='bbox 968 1471 1037 1532; x_wconf 87' lang='lat' dir='ltr'>alias</span> <span class='ocrx_word' id='word_1_100' title='bbox 1052 1480 1113 1532; x_wconf 91' lang='lat' dir='ltr'>sta-</span> 
     </span>
     <span class='ocr_line' id='line_1_14' title="bbox 55 1555 1111 1634; baseline -0.001 -17"><span class='ocrx_word' id='word_1_101' title='bbox 55 1564 123 1617; x_wconf 89' lang='lat' dir='ltr'>tuas</span> <span class='ocrx_word' id='word_1_102' title='bbox 139 1557 294 1617; x_wconf 87' lang='lat' dir='ltr'>muliebres</span> <span class='ocrx_word' id='word_1_103' title='bbox 310 1557 345 1616; x_wconf 93' lang='lat' dir='ltr'>ad</span> <span class='ocrx_word' id='word_1_104' title='bbox 366 1557 491 1616; x_wconf 90' lang='lat' dir='ltr'>eundem</span> <span class='ocrx_word' id='word_1_105' title='bbox 506 1575 593 1617; x_wconf 86' lang='lat' dir='ltr'>usura</span> <span class='ocrx_word' id='word_1_106' title='bbox 609 1555 751 1617; x_wconf 87' lang='lat' dir='ltr'>admissas</span> <span class='ocrx_word' id='word_1_107' title='bbox 766 1557 858 1617; x_wconf 89' lang='lat' dir='ltr'>fuisse</span> <span class='ocrx_word' id='word_1_108' title='bbox 872 1563 988 1634; x_wconf 90' lang='lat' dir='ltr'>negant.</span> <span class='ocrx_word' id='word_1_109' title='bbox 1018 1556 1067 1618; x_wconf 90' lang='lat' dir='ltr'>Sic</span> <span class='ocrx_word' id='word_1_110' title='bbox 1081 1557 1111 1616; x_wconf 93' lang='lat' dir='ltr'>in</span> 
     </span>
     <span class='ocr_line' id='line_1_15' title="bbox 56 1641 1110 1719; baseline 0.001 -19"><span class='ocrx_word' id='word_1_111' title='bbox 56 1641 154 1701; x_wconf 88' lang='lat' dir='ltr'>bortis</span> <span class='ocrx_word' id='word_1_112' title='bbox 170 1641 382 1702; x_wconf 79' lang='lat' dir='ltr'>Albanensibus</span> <span class='ocrx_word' id='word_1_113' title='bbox 397 1642 455 1702; x_wconf 88' lang='lat' dir='ltr'>boc</span> <span class='ocrx_word' id='word_1_114' title='bbox 468 1659 572 1719; x_wconf 83' lang='lat' dir='ltr'>genere</span> <span class='ocrx_word' id='word_1_115' title='bbox 590 1649 751 1702; x_wconf 88' lang='lat' dir='ltr'>statuarum</span> <span class='ocrx_word' id='word_1_116' title='bbox 767 1641 920 1702; x_wconf 89' lang='lat' dir='ltr'>ditissimis</span> <span class='ocrx_word' id='word_1_117' title='bbox 935 1660 993 1702; x_wconf 93' lang='lat' dir='ltr'>una</span> <span class='ocrx_word' id='word_1_118' title='bbox 1008 1648 1110 1714; x_wconf 84' lang='lat' dir='ltr'>exstat,</span> 
     </span>
     <span class='ocr_line' id='line_1_16' title="bbox 56 1725 1165 1805; baseline 0 -19"><span class='ocrx_word' id='word_1_119' title='bbox 56 1726 201 1786; x_wconf 88' lang='lat' dir='ltr'>artificum</span> <span class='ocrx_word' id='word_1_120' title='bbox 217 1725 263 1786; x_wconf 92' lang='lat' dir='ltr'>illa</span> <span class='ocrx_word' id='word_1_121' title='bbox 278 1726 447 1786; x_wconf 92' lang='lat' dir='ltr'>nominibus</span> <span class='ocrx_word' id='word_1_122' title='bbox 462 1726 594 1804; x_wconf 89' lang='lat' dir='ltr'>insignis,</span> <span class='ocrx_word' id='word_1_123' title='bbox 613 1745 686 1804; x_wconf 88' lang='lat' dir='ltr'>quae</span> <span class='ocrx_word' id='word_1_124' title='bbox 701 1726 820 1786; x_wconf 89' lang='lat' dir='ltr'>nebride</span> <span class='ocrx_word' id='word_1_125' title='bbox 834 1727 935 1786; x_wconf 89' lang='lat' dir='ltr'>induta</span> <span class='ocrx_word' id='word_1_126' title='bbox 950 1733 996 1786; x_wconf 91' lang='lat' dir='ltr'>est</span> <span class='ocrx_word' id='word_1_127' title='bbox 1011 1733 1040 1787; x_wconf 90' lang='lat' dir='ltr'>et</span> <span class='ocrx_word' id='word_1_128' title='bbox 1053 1727 1110 1786; x_wconf 91' lang='lat' dir='ltr'>mi·</span> <span class='ocrx_word' id='word_1_129' title='bbox 1162 1800 1165 1805; x_wconf 15' lang='grc' dir='ltr'>ι</span> 
     </span>
     <span class='ocr_line' id='line_1_17' title="bbox 55 1810 1111 1890; baseline 0.001 -20"><span class='ocrx_word' id='word_1_130' title='bbox 55 1811 136 1870; x_wconf 90' lang='lat' dir='ltr'>nime</span> <span class='ocrx_word' id='word_1_131' title='bbox 150 1818 250 1888; x_wconf 89' lang='lat' dir='ltr'>potest</span> <span class='ocrx_word' id='word_1_132' title='bbox 263 1811 400 1889; x_wconf 90' lang='lat' dir='ltr'>appellari</span> <span class='ocrx_word' id='word_1_133' title='bbox 415 1810 617 1890; x_wconf 89' lang='lat' dir='ltr'>Canephoros;</span> <span class='ocrx_word' id='word_1_134' title='bbox 632 1810 744 1890; x_wconf 90' lang='lat' dir='ltr'>aliaque</span> <span class='ocrx_word' id='word_1_135' title='bbox 759 1811 904 1871; x_wconf 91' lang='lat' dir='ltr'>eiusmodi</span> <span class='ocrx_word' id='word_1_136' title='bbox 918 1818 1021 1883; x_wconf 86' lang='lat' dir='ltr'>statua,</span> <span class='ocrx_word' id='word_1_137' title='bbox 1038 1829 1111 1889; x_wconf 89' lang='lat' dir='ltr'>quae</span> 
     </span>
     <span class='ocr_line' id='line_1_18' title="bbox 56 1894 1110 1970; baseline 0.002 -15"><span class='ocrx_word' id='word_1_138' title='bbox 56 1895 211 1956; x_wconf 84' lang='lat' dir='ltr'>matronali</span> <span class='ocrx_word' id='word_1_139' title='bbox 230 1895 330 1955; x_wconf 91' lang='lat' dir='ltr'>babitu</span> <span class='ocrx_word' id='word_1_140' title='bbox 349 1903 378 1956; x_wconf 90' lang='lat' dir='ltr'>et</span> <span class='ocrx_word' id='word_1_141' title='bbox 397 1894 618 1958; x_wconf 88' lang='lat' dir='ltr'>meditabundae</span> <span class='ocrx_word' id='word_1_142' title='bbox 639 1897 742 1956; x_wconf 89' lang='lat' dir='ltr'>similis</span> <span class='ocrx_word' id='word_1_143' title='bbox 762 1903 821 1970; x_wconf 92' lang='lat' dir='ltr'>est,</span> <span class='ocrx_word' id='word_1_144' title='bbox 842 1896 970 1956; x_wconf 90' lang='lat' dir='ltr'>cernitur</span> <span class='ocrx_word' id='word_1_145' title='bbox 986 1897 1017 1956; x_wconf 93' lang='lat' dir='ltr'>in</span> <span class='ocrx_word' id='word_1_146' title='bbox 1038 1897 1110 1957; x_wconf 91' lang='lat' dir='ltr'>Bra-</span> 
     </span>
     <span class='ocr_line' id='line_1_19' title="bbox 57 1980 1110 2059; baseline 0.001 -20"><span class='ocrx_word' id='word_1_147' title='bbox 57 1981 121 2040; x_wconf 91' lang='lat' dir='ltr'>chio</span> <span class='ocrx_word' id='word_1_148' title='bbox 137 1998 229 2052; x_wconf 93' lang='lat' dir='ltr'>novo,</span> <span class='ocrx_word' id='word_1_149' title='bbox 252 1981 330 2059; x_wconf 92' lang='lat' dir='ltr'>quod</span> <span class='ocrx_word' id='word_1_150' title='bbox 346 1988 479 2054; x_wconf 89' lang='lat' dir='ltr'>vocatur,</span> <span class='ocrx_word' id='word_1_151' title='bbox 499 1981 591 2041; x_wconf 86' lang='lat' dir='ltr'>Musei</span> <span class='ocrx_word' id='word_1_152' title='bbox 606 1980 735 2041; x_wconf 87' lang='lat' dir='ltr'>Vaticani</span> <span class='ocrx_word' id='word_1_153' title='bbox 747 1982 805 2058; x_wconf 86' lang='grc'>10).</span> <span class='ocrx_word' id='word_1_154' title='bbox 835 1980 911 2053; x_wconf 81' lang='lat' dir='ltr'>Quid</span> <span class='ocrx_word' id='word_1_155' title='bbox 928 1981 1008 2058; x_wconf 95' lang='lat' dir='ltr'>quod</span> <span class='ocrx_word' id='word_1_156' title='bbox 1024 1981 1110 2040; x_wconf 91' lang='lat' dir='ltr'>etiam</span> 
     </span>
     <span class='ocr_line' id='line_1_20' title="bbox 57 2064 1206 2145; baseline -0.002 -20"><span class='ocrx_word' id='word_1_157' title='bbox 57 2065 221 2145; x_wconf 89' lang='lat' dir='ltr'>Caryatides</span> <span class='ocrx_word' id='word_1_158' title='bbox 237 2064 332 2126; x_wconf 89' lang='lat' dir='ltr'>servili</span> <span class='ocrx_word' id='word_1_159' title='bbox 346 2065 445 2125; x_wconf 91' lang='lat' dir='ltr'>habitu</span> <span class='ocrx_word' id='word_1_160' title='bbox 459 2065 601 2127; x_wconf 87' lang='lat' dir='ltr'>formatae</span> <span class='ocrx_word' id='word_1_161' title='bbox 615 2073 738 2140; x_wconf 83' lang='lat' dir='ltr'>exstant,</span> <span class='ocrx_word' id='word_1_162' title='bbox 753 2065 831 2144; x_wconf 90' lang='lat' dir='ltr'>quod</span> <span class='ocrx_word' id='word_1_163' title='bbox 846 2064 1112 2143; x_wconf 86' lang='lat' dir='ltr'>lugitVisoontum,</span> <span class='ocrx_word' id='word_1_164' title='bbox 1131 2077 1170 2116; x_wconf 78' lang='lat'>⁴0³</span> <span class='ocrx_word' id='word_1_165' title='bbox 1203 2083 1206 2087; x_wconf 50' lang='lat'><strong>¹</strong></span> 
     </span>
     <span class='ocr_line' id='line_1_21' title="bbox 58 2149 1115 2229; baseline 0.001 -21"><span class='ocrx_word' id='word_1_166' title='bbox 58 2149 212 2211; x_wconf 77' lang='lat' dir='ltr'>llemoires</span> <span class='ocrx_word' id='word_1_167' title='bbox 228 2169 279 2211; x_wconf 91' lang='lat' dir='ltr'>sur</span> <span class='ocrx_word' id='word_1_168' title='bbox 292 2151 335 2210; x_wconf 90' lang='lat' dir='ltr'>les</span> <span class='ocrx_word' id='word_1_169' title='bbox 350 2151 515 2228; x_wconf 85' lang='lat' dir='ltr'>sculptures</span> <span class='ocrx_word' id='word_1_170' title='bbox 530 2151 684 2210; x_wconf 78' lang='lat' dir='ltr'>d’Athbnes</span> <span class='ocrx_word' id='word_1_171' title='bbox 701 2169 730 2229; x_wconf 92' lang='lat' dir='ltr'>p.</span> <span class='ocrx_word' id='word_1_172' title='bbox 746 2150 801 2223; x_wconf 80' lang='lat'>91,</span> <span class='ocrx_word' id='word_1_173' title='bbox 823 2150 872 2228; x_wconf 91' lang='lat' dir='ltr'>qui</span> <span class='ocrx_word' id='word_1_174' title='bbox 892 2149 1028 2210; x_wconf 91' lang='lat' dir='ltr'>dubitans</span> <span class='ocrx_word' id='word_1_175' title='bbox 1048 2149 1115 2228; x_wconf 91' lang='lat' dir='ltr'>qui-</span> 
     </span>
     <span class='ocr_line' id='line_1_22' title="bbox 58 2234 1115 2312; baseline 0.002 -19"><span class='ocrx_word' id='word_1_176' title='bbox 58 2234 126 2294; x_wconf 89' lang='lat' dir='ltr'>dem</span> <span class='ocrx_word' id='word_1_177' title='bbox 143 2235 178 2294; x_wconf 94' lang='lat' dir='ltr'>de</span> <span class='ocrx_word' id='word_1_178' title='bbox 192 2235 358 2295; x_wconf 90' lang='lat' dir='ltr'>narratione</span> <span class='ocrx_word' id='word_1_179' title='bbox 370 2235 543 2305; x_wconf 85' lang='lat' dir='ltr'>Vitruviana‚</span> <span class='ocrx_word' id='word_1_180' title='bbox 560 2237 684 2295; x_wconf 90' lang='lat' dir='ltr'>sednon</span> <span class='ocrx_word' id='word_1_181' title='bbox 697 2252 815 2295; x_wconf 89' lang='lat' dir='ltr'>omnem</span> <span class='ocrx_word' id='word_1_182' title='bbox 831 2235 856 2294; x_wconf 90' lang='lat' dir='ltr'>ei</span> <span class='ocrx_word' id='word_1_183' title='bbox 871 2235 958 2294; x_wconf 89' lang='lat' dir='ltr'>fidem</span> <span class='ocrx_word' id='word_1_184' title='bbox 970 2235 1115 2312; x_wconf 87' lang='lat' dir='ltr'>abnegare</span> 
     </span>
     <span class='ocr_line' id='line_1_23' title="bbox 58 2319 1113 2401; baseline 0 -22"><span class='ocrx_word' id='word_1_185' title='bbox 58 2337 163 2392; x_wconf 89' lang='lat' dir='ltr'>ausus,</span> <span class='ocrx_word' id='word_1_186' title='bbox 184 2320 227 2379; x_wconf 92' lang='lat' dir='ltr'>sic</span> <span class='ocrx_word' id='word_1_187' title='bbox 247 2319 361 2379; x_wconf 90' lang='lat' dir='ltr'>scribit:</span> <span class='ocrx_word' id='word_1_188' title='bbox 382 2320 406 2378; x_wconf 83' lang='grc' dir='ltr'><strong>Α</strong></span> <span class='ocrx_word' id='word_1_189' title='bbox 425 2319 554 2379; x_wconf 67' lang='lat' dir='ltr'>laveritis</span> <span class='ocrx_word' id='word_1_190' title='bbox 574 2337 686 2378; x_wconf 88' lang='lat' dir='ltr'>aucune</span> <span class='ocrx_word' id='word_1_191' title='bbox 700 2319 848 2401; x_wconf 90' lang='lat' dir='ltr'>Caryatide</span> <span class='ocrx_word' id='word_1_192' title='bbox 867 2321 997 2397; x_wconf 90' lang='lat' dir='ltr'>antique,</span> <span class='ocrx_word' id='word_1_193' title='bbox 1015 2338 1071 2398; x_wconf 89' lang='lat' dir='ltr'>que</span> <span class='ocrx_word' id='word_1_194' title='bbox 1083 2320 1113 2399; x_wconf 89' lang='lat' dir='ltr'>je</span> 
     </span>
     <span class='ocr_line' id='line_1_24' title="bbox 57 2403 1113 2481; baseline 0.001 -18"><span class='ocrx_word' id='word_1_195' title='bbox 57 2404 232 2476; x_wconf 88' lang='lat' dir='ltr'>connoisse,</span> <span class='ocrx_word' id='word_1_196' title='bbox 246 2421 284 2462; x_wconf 90' lang='lat' dir='ltr'>ne</span> <span class='ocrx_word' id='word_1_197' title='bbox 298 2403 467 2481; x_wconf 81' lang='lat' dir='ltr'>represente</span> <span class='ocrx_word' id='word_1_198' title='bbox 481 2419 539 2461; x_wconf 93' lang='lat' dir='ltr'>une</span> <span class='ocrx_word' id='word_1_199' title='bbox 555 2405 677 2481; x_wconf 89' lang='lat' dir='ltr'>captive.</span> <span class='ocrx_word' id='word_1_200' title='bbox 708 2403 877 2480; x_wconf 91' lang='lat' dir='ltr'>Cependant</span> <span class='ocrx_word' id='word_1_201' title='bbox 891 2422 1006 2463; x_wconf 90' lang='lat' dir='ltr'>comme</span> <span class='ocrx_word' id='word_1_202' title='bbox 1020 2406 1061 2464; x_wconf 88' lang='lat' dir='ltr'>les</span> <span class='ocrx_word' id='word_1_203' title='bbox 1077 2407 1113 2463; x_wconf 88' lang='lat' dir='ltr'>fi-</span> 
     </span>
     <span class='ocr_line' id='line_1_25' title="bbox 56 2486 1112 2565; baseline 0.001 -18"><span class='ocrx_word' id='word_1_204' title='bbox 56 2505 147 2565; x_wconf 87' lang='lat' dir='ltr'>gures</span> <span class='ocrx_word' id='word_1_205' title='bbox 168 2488 220 2546; x_wconf 89' lang='lat' dir='ltr'>des</span> <span class='ocrx_word' id='word_1_206' title='bbox 240 2487 424 2565; x_wconf 89' lang='lat' dir='ltr'>prisonniers</span> <span class='ocrx_word' id='word_1_207' title='bbox 445 2504 547 2565; x_wconf 87' lang='lat' dir='ltr'>perses</span> <span class='ocrx_word' id='word_1_208' title='bbox 564 2486 767 2564; x_wconf 89' lang='lat' dir='ltr'>supportaient</span> <span class='ocrx_word' id='word_1_209' title='bbox 782 2488 798 2544; x_wconf 83' lang='lat' dir='ltr'>a</span> <span class='ocrx_word' id='word_1_210' title='bbox 814 2486 920 2563; x_wconf 87' lang='lat' dir='ltr'>Sparte</span> <span class='ocrx_word' id='word_1_211' title='bbox 935 2486 961 2546; x_wconf 93' lang='lat' dir='ltr'>le</span> <span class='ocrx_word' id='word_1_212' title='bbox 975 2487 1031 2546; x_wconf 92' lang='lat' dir='ltr'>toit</span> <span class='ocrx_word' id='word_1_213' title='bbox 1045 2488 1112 2548; x_wconf 81' lang='lat' dir='ltr'>d&#39;un</span> 
     </span>
     <span class='ocr_line' id='line_1_26' title="bbox 56 2569 1113 2650; baseline 0.002 -20"><span class='ocrx_word' id='word_1_214' title='bbox 56 2571 269 2650; x_wconf 77' lang='lat' dir='ltr'>portique11),</span> <span class='ocrx_word' id='word_1_215' title='bbox 291 2571 310 2630; x_wconf 94' lang='lat' dir='ltr'>il</span> <span class='ocrx_word' id='word_1_216' title='bbox 325 2570 399 2631; x_wconf 84' lang='lat' dir='ltr'>n&#39;est</span> <span class='ocrx_word' id='word_1_217' title='bbox 412 2589 465 2648; x_wconf 93' lang='lat' dir='ltr'>pas</span> <span class='ocrx_word' id='word_1_218' title='bbox 483 2570 554 2630; x_wconf 89' lang='lat' dir='ltr'>hors</span> <span class='ocrx_word' id='word_1_219' title='bbox 575 2570 611 2630; x_wconf 94' lang='lat' dir='ltr'>de</span> <span class='ocrx_word' id='word_1_220' title='bbox 625 2577 706 2630; x_wconf 90' lang='lat' dir='ltr'>toute</span> <span class='ocrx_word' id='word_1_221' title='bbox 725 2569 967 2642; x_wconf 88' lang='lat' dir='ltr'>vraisemblance‚</span> <span class='ocrx_word' id='word_1_222' title='bbox 988 2589 1043 2648; x_wconf 92' lang='lat' dir='ltr'>que</span> <span class='ocrx_word' id='word_1_223' title='bbox 1062 2572 1113 2632; x_wconf 90' lang='lat' dir='ltr'>des</span> 
     </span>
     <span class='ocr_line' id='line_1_27' title="bbox 57 2655 1113 2734; baseline 0.002 -19"><span class='ocrx_word' id='word_1_224' title='bbox 57 2657 168 2733; x_wconf 86' lang='lat' dir='ltr'>figures</span> <span class='ocrx_word' id='word_1_225' title='bbox 190 2657 225 2716; x_wconf 90' lang='lat' dir='ltr'>de</span> <span class='ocrx_word' id='word_1_226' title='bbox 245 2655 369 2716; x_wconf 81' lang='lat' dir='ltr'>lemures</span> <span class='ocrx_word' id='word_1_227' title='bbox 391 2655 516 2733; x_wconf 88' lang='lat' dir='ltr'>captives</span> <span class='ocrx_word' id='word_1_228' title='bbox 537 2655 613 2715; x_wconf 90' lang='lat' dir='ltr'>aient</span> <span class='ocrx_word' id='word_1_229' title='bbox 632 2655 676 2715; x_wconf 75' lang='lat' dir='ltr'>ete</span> <span class='ocrx_word' id='word_1_230' title='bbox 697 2655 862 2734; x_wconf 80' lang='lat' dir='ltr'>employees</span> <span class='ocrx_word' id='word_1_231' title='bbox 879 2655 914 2715; x_wconf 88' lang='lat' dir='ltr'>de</span> <span class='ocrx_word' id='word_1_232' title='bbox 930 2658 1025 2716; x_wconf 75' lang='lat' dir='ltr'>meme</span> <span class='ocrx_word' id='word_1_233' title='bbox 1041 2657 1113 2717; x_wconf 89' lang='lat' dir='ltr'>dans</span> 
     </span>
     <span class='ocr_line' id='line_1_28' title="bbox 58 2739 1113 2821; baseline 0.002 -21"><span class='ocrx_word' id='word_1_234' title='bbox 58 2741 199 2819; x_wconf 89' lang='lat' dir='ltr'>quelques</span> <span class='ocrx_word' id='word_1_235' title='bbox 213 2748 402 2800; x_wconf 89' lang='lat' dir='ltr'>monuments</span> <span class='ocrx_word' id='word_1_236' title='bbox 415 2740 486 2800; x_wconf 92' lang='lat' dir='ltr'>dela</span> <span class='ocrx_word' id='word_1_237' title='bbox 499 2739 597 2800; x_wconf 77' lang='lat' dir='ltr'>Grece.</span> <span class='ocrx_word' id='word_1_238' title='bbox 629 2740 725 2800; x_wconf 90' lang='lat' dir='ltr'>Unum</span> <span class='ocrx_word' id='word_1_239' title='bbox 738 2739 883 2800; x_wconf 89' lang='lat' dir='ltr'>eiusmodi</span> <span class='ocrx_word' id='word_1_240' title='bbox 895 2739 1020 2818; x_wconf 93' lang='lat' dir='ltr'>signum,</span> <span class='ocrx_word' id='word_1_241' title='bbox 1033 2742 1113 2821; x_wconf 91' lang='lat' dir='ltr'>quod</span> 
     </span>
     <span class='ocr_line' id='line_1_29' title="bbox 59 2824 1113 2904; baseline 0.001 -18"><span class='ocrx_word' id='word_1_242' title='bbox 59 2826 205 2887; x_wconf 89' lang='lat' dir='ltr'>Braunius</span> <span class='ocrx_word' id='word_1_243' title='bbox 222 2825 293 2886; x_wconf 90' lang='lat' dir='ltr'>mibi</span> <span class='ocrx_word' id='word_1_244' title='bbox 309 2824 516 2904; x_wconf 87' lang='lat' dir='ltr'>suppeditavit,</span> <span class='ocrx_word' id='word_1_245' title='bbox 539 2844 605 2885; x_wconf 88' lang='lat' dir='ltr'>cum</span> <span class='ocrx_word' id='word_1_246' title='bbox 622 2826 683 2886; x_wconf 90' lang='lat' dir='ltr'>aliis</span> <span class='ocrx_word' id='word_1_247' title='bbox 700 2825 900 2886; x_wconf 90' lang='lat' dir='ltr'>monumentis</span> <span class='ocrx_word' id='word_1_248' title='bbox 914 2826 1113 2887; x_wconf 90' lang='lat' dir='ltr'>Herculanen-</span> 
     </span>
    </p>
   </div>
   <div class='ocr_carea' id='block_1_3' title="bbox 58 2910 1113 3075">
    <p class='ocr_par' dir='ltr' id='par_1_4' title="bbox 58 2910 1113 3075">
     <span class='ocr_line' id='line_1_30' title="bbox 59 2910 1112 2991; baseline 0 -20"><span class='ocrx_word' id='word_1_249' title='bbox 59 2910 140 2972; x_wconf 93' lang='lat' dir='ltr'>sibus</span> <span class='ocrx_word' id='word_1_250' title='bbox 157 2911 332 2991; x_wconf 89' lang='lat' dir='ltr'>publicatum</span> <span class='ocrx_word' id='word_1_251' title='bbox 346 2917 389 2970; x_wconf 92' lang='lat' dir='ltr'>est</span> <span class='ocrx_word' id='word_1_252' title='bbox 403 2910 433 2969; x_wconf 94' lang='lat' dir='ltr'>in</span> <span class='ocrx_word' id='word_1_253' title='bbox 449 2928 538 2988; x_wconf 87' lang='lat' dir='ltr'>opere</span> <span class='ocrx_word' id='word_1_254' title='bbox 548 2911 667 2983; x_wconf 88' lang='lat' dir='ltr'>rariore,</span> <span class='ocrx_word' id='word_1_255' title='bbox 683 2911 753 2971; x_wconf 88' lang='lat' dir='ltr'>aliae</span> <span class='ocrx_word' id='word_1_256' title='bbox 769 2930 916 2972; x_wconf 91' lang='lat' dir='ltr'>servarum</span> <span class='ocrx_word' id='word_1_257' title='bbox 930 2913 1112 2991; x_wconf 91' lang='lat' dir='ltr'>Caryatidum</span> 
     </span>
     <span class='ocr_line' id='line_1_31' title="bbox 58 2996 1113 3075; baseline 0.003 -20"><span class='ocrx_word' id='word_1_258' title='bbox 58 2997 168 3074; x_wconf 87' lang='lat' dir='ltr'>figurae</span> <span class='ocrx_word' id='word_1_259' title='bbox 188 3003 302 3057; x_wconf 86' lang='lat' dir='ltr'>exstant</span> <span class='ocrx_word' id='word_1_260' title='bbox 321 2997 396 3057; x_wconf 85' lang='lat' dir='ltr'>inter</span> <span class='ocrx_word' id='word_1_261' title='bbox 414 3003 603 3056; x_wconf 91' lang='lat' dir='ltr'>monumenta</span> <span class='ocrx_word' id='word_1_262' title='bbox 624 2996 793 3075; x_wconf 89' lang='lat' dir='ltr'>sepulcralia</span> <span class='ocrx_word' id='word_1_263' title='bbox 813 2996 986 3075; x_wconf 88' lang='lat' dir='ltr'>Cyrenensia</span> <span class='ocrx_word' id='word_1_264' title='bbox 1001 2997 1077 3058; x_wconf 87' lang='lat' dir='ltr'>edita</span> <span class='ocrx_word' id='word_1_265' title='bbox 1096 3016 1113 3058; x_wconf 90' lang='lat' dir='ltr'>a</span> 
     </span>
    </p>
   </div>
   <div class='ocr_carea' id='block_1_4' title="bbox 57 3081 1112 3241">
    <p class='ocr_par' dir='ltr' id='par_1_5' title="bbox 57 3081 1112 3241">
     <span class='ocr_line' id='line_1_32' title="bbox 57 3081 1112 3161; baseline 0.002 -21"><span class='ocrx_word' id='word_1_266' title='bbox 57 3082 96 3140; x_wconf 89' lang='lat' dir='ltr'>M.</span> <span class='ocrx_word' id='word_1_267' title='bbox 113 3081 134 3140; x_wconf 87' lang='grc'><strong>1.</strong></span> <span class='ocrx_word' id='word_1_268' title='bbox 150 3081 183 3140; x_wconf 83' lang='grc'>11.</span> <span class='ocrx_word' id='word_1_269' title='bbox 199 3082 306 3154; x_wconf 79' lang='lat' dir='ltr'>pacho,</span> <span class='ocrx_word' id='word_1_270' title='bbox 323 3100 429 3160; x_wconf 81' lang='lat' dir='ltr'>voyage</span> <span class='ocrx_word' id='word_1_271' title='bbox 444 3082 515 3142; x_wconf 92' lang='lat' dir='ltr'>dans</span> <span class='ocrx_word' id='word_1_272' title='bbox 530 3081 556 3140; x_wconf 92' lang='lat' dir='ltr'>la</span> <span class='ocrx_word' id='word_1_273' title='bbox 570 3081 765 3161; x_wconf 89' lang='lat' dir='ltr'>Marmorique</span> <span class='ocrx_word' id='word_1_274' title='bbox 783 3090 812 3143; x_wconf 91' lang='lat' dir='ltr'>et</span> <span class='ocrx_word' id='word_1_275' title='bbox 825 3082 851 3142; x_wconf 91' lang='lat' dir='ltr'>la</span> <span class='ocrx_word' id='word_1_276' title='bbox 867 3081 1044 3161; x_wconf 81' lang='lat' dir='ltr'>Cyreualque</span> <span class='ocrx_word' id='word_1_277' title='bbox 1059 3089 1112 3142; x_wconf 88' lang='lat' dir='ltr'>etc.</span> 
     </span>
     <span class='ocr_line' id='line_1_33' title="bbox 58 3165 661 3241; baseline 0.002 -16"><span class='ocrx_word' id='word_1_278' title='bbox 58 3165 142 3227; x_wconf 89' lang='lat' dir='ltr'>Paris</span> <span class='ocrx_word' id='word_1_279' title='bbox 160 3166 254 3241; x_wconf 81' lang='lat'>1827,</span> <span class='ocrx_word' id='word_1_280' title='bbox 270 3167 327 3228; x_wconf 88' lang='lat' dir='ltr'>tab.</span> <span class='ocrx_word' id='word_1_281' title='bbox 342 3167 460 3228; x_wconf 84' lang='lat' dir='ltr'>XXXIX</span> <span class='ocrx_word' id='word_1_282' title='bbox 475 3174 504 3227; x_wconf 92' lang='lat' dir='ltr'>et</span> <span class='ocrx_word' id='word_1_283' title='bbox 518 3166 577 3227; x_wconf 91' lang='lat' dir='ltr'>tab.</span> <span class='ocrx_word' id='word_1_284' title='bbox 593 3166 661 3226; x_wconf 85' lang='lat' dir='ltr'>LVI.</span> 
     </span>
    </p>
   </div>
   <div class='ocr_carea' id='block_1_5' title="bbox 57 3418 1113 4095">
    <p class='ocr_par' dir='ltr' id='par_1_6' title="bbox 57 3418 1113 3958">
     <span class='ocr_line' id='line_1_34' title="bbox 131 3418 1111 3485; baseline -0.001 -18"><span class='ocrx_word' id='word_1_285' title='bbox 131 3419 170 3481; x_wconf 84' lang='lat'>10)</span> <span class='ocrx_word' id='word_1_286' title='bbox 189 3420 220 3471; x_wconf 90' lang='lat' dir='ltr'>V.</span> <span class='ocrx_word' id='word_1_287' title='bbox 232 3421 417 3482; x_wconf 86' lang='lat' dir='ltr'>Beschreibung</span> <span class='ocrx_word' id='word_1_288' title='bbox 437 3422 483 3470; x_wconf 90' lang='lat' dir='ltr'>der</span> <span class='ocrx_word' id='word_1_289' title='bbox 499 3420 572 3470; x_wconf 89' lang='lat' dir='ltr'>Stadt</span> <span class='ocrx_word' id='word_1_290' title='bbox 589 3421 649 3470; x_wconf 86' lang='lat' dir='ltr'>llorn</span> <span class='ocrx_word' id='word_1_291' title='bbox 667 3420 723 3469; x_wconf 93' lang='lat' dir='ltr'>Vol.</span> <span class='ocrx_word' id='word_1_292' title='bbox 737 3418 766 3481; x_wconf 95' lang='lat' dir='ltr'>ll,</span> <span class='ocrx_word' id='word_1_293' title='bbox 780 3420 809 3482; x_wconf 83' lang='lat'>2,</span> <span class='ocrx_word' id='word_1_294' title='bbox 827 3436 850 3485; x_wconf 94' lang='lat' dir='ltr'>p.</span> <span class='ocrx_word' id='word_1_295' title='bbox 863 3419 905 3467; x_wconf 79' lang='lat'>95.</span> <span class='ocrx_word' id='word_1_296' title='bbox 929 3419 1001 3468; x_wconf 76' lang='lat' dir='ltr'>Aliae</span> <span class='ocrx_word' id='word_1_297' title='bbox 1019 3433 1111 3483; x_wconf 83' lang='lat' dir='ltr'>eamn,</span> 
     </span>
     <span class='ocr_line' id='line_1_35' title="bbox 59 3486 1113 3553; baseline -0.002 -18"><span class='ocrx_word' id='word_1_298' title='bbox 59 3502 124 3553; x_wconf 87' lang='lat' dir='ltr'>quae</span> <span class='ocrx_word' id='word_1_299' title='bbox 136 3487 227 3537; x_wconf 82' lang='lat' dir='ltr'>Rornae</span> <span class='ocrx_word' id='word_1_300' title='bbox 240 3493 397 3553; x_wconf 85' lang='lat' dir='ltr'>spectantur,</span> <span class='ocrx_word' id='word_1_301' title='bbox 410 3495 479 3537; x_wconf 88' lang='lat' dir='ltr'>certe</span> <span class='ocrx_word' id='word_1_302' title='bbox 492 3504 540 3536; x_wconf 90' lang='lat' dir='ltr'>non</span> <span class='ocrx_word' id='word_1_303' title='bbox 554 3491 610 3537; x_wconf 88' lang='lat' dir='ltr'>usui</span> <span class='ocrx_word' id='word_1_304' title='bbox 622 3486 815 3538; x_wconf 85' lang='lat' dir='ltr'>architectonice</span> <span class='ocrx_word' id='word_1_305' title='bbox 827 3487 975 3536; x_wconf 85' lang='lat' dir='ltr'>inserviisse</span> <span class='ocrx_word' id='word_1_306' title='bbox 987 3486 1113 3550; x_wconf 86' lang='lat' dir='ltr'>videntur,</span> 
     </span>
     <span class='ocr_line' id='line_1_36' title="bbox 58 3554 1113 3620; baseline -0.004 -14"><span class='ocrx_word' id='word_1_307' title='bbox 58 3555 132 3606; x_wconf 90' lang='lat' dir='ltr'>vclnt</span> <span class='ocrx_word' id='word_1_308' title='bbox 150 3556 173 3605; x_wconf 90' lang='lat' dir='ltr'>in</span> <span class='ocrx_word' id='word_1_309' title='bbox 189 3557 267 3605; x_wconf 89' lang='lat' dir='ltr'>bortis</span> <span class='ocrx_word' id='word_1_310' title='bbox 285 3555 467 3604; x_wconf 79' lang='lat' dir='ltr'>Albanensibus</span> <span class='ocrx_word' id='word_1_311' title='bbox 484 3561 602 3620; x_wconf 88' lang='lat' dir='ltr'>quattuor</span> <span class='ocrx_word' id='word_1_312' title='bbox 618 3554 791 3617; x_wconf 88' lang='lat' dir='ltr'>Canephoroe,</span> <span class='ocrx_word' id='word_1_313' title='bbox 813 3568 876 3618; x_wconf 87' lang='lat' dir='ltr'>qnae</span> <span class='ocrx_word' id='word_1_314' title='bbox 893 3568 1011 3603; x_wconf 88' lang='lat' dir='ltr'>unacum</span> <span class='ocrx_word' id='word_1_315' title='bbox 1029 3559 1113 3602; x_wconf 83' lang='lat' dir='ltr'>statue</span> 
     </span>
     <span class='ocr_line' id='line_1_37' title="bbox 57 3619 1113 3688; baseline -0.001 -17"><span class='ocrx_word' id='word_1_316' title='bbox 57 3623 149 3672; x_wconf 86' lang='lat' dir='ltr'>Bacchi</span> <span class='ocrx_word' id='word_1_317' title='bbox 166 3621 241 3672; x_wconf 87' lang='lat' dir='ltr'>ludici</span> <span class='ocrx_word' id='word_1_318' title='bbox 259 3629 375 3688; x_wconf 87' lang='lat' dir='ltr'>repertae</span> <span class='ocrx_word' id='word_1_319' title='bbox 394 3628 452 3671; x_wconf 91' lang='lat' dir='ltr'>sunt</span> <span class='ocrx_word' id='word_1_320' title='bbox 467 3637 490 3670; x_wconf 89' lang='lat' dir='ltr'>a.</span> <span class='ocrx_word' id='word_1_321' title='bbox 504 3620 567 3669; x_wconf 80' lang='lat'>1761</span> <span class='ocrx_word' id='word_1_322' title='bbox 587 3629 612 3670; x_wconf 89' lang='lat' dir='ltr'>et</span> <span class='ocrx_word' id='word_1_323' title='bbox 629 3636 683 3670; x_wconf 89' lang='lat' dir='ltr'>oum</span> <span class='ocrx_word' id='word_1_324' title='bbox 702 3621 747 3668; x_wconf 91' lang='lat' dir='ltr'>boc</span> <span class='ocrx_word' id='word_1_325' title='bbox 760 3636 872 3686; x_wconf 86' lang='lat' dir='ltr'>pompam</span> <span class='ocrx_word' id='word_1_326' title='bbox 889 3636 985 3670; x_wconf 86' lang='lat' dir='ltr'>sacrem</span> <span class='ocrx_word' id='word_1_327' title='bbox 998 3619 1113 3670; x_wconf 81' lang='lat' dir='ltr'>effecisse</span> 
     </span>
     <span class='ocr_line' id='line_1_38' title="bbox 58 3687 1112 3755; baseline -0.003 -14"><span class='ocrx_word' id='word_1_328' title='bbox 58 3691 190 3751; x_wconf 81' lang='lat' dir='ltr'>videntur3</span> <span class='ocrx_word' id='word_1_329' title='bbox 203 3706 258 3740; x_wconf 88' lang='lat' dir='ltr'>curn</span> <span class='ocrx_word' id='word_1_330' title='bbox 271 3690 358 3755; x_wconf 91' lang='lat' dir='ltr'>quibus</span> <span class='ocrx_word' id='word_1_331' title='bbox 372 3690 510 3754; x_wconf 88' lang='lat' dir='ltr'>comparari</span> <span class='ocrx_word' id='word_1_332' title='bbox 522 3694 627 3751; x_wconf 88' lang='lat' dir='ltr'>possunt</span> <span class='ocrx_word' id='word_1_333' title='bbox 640 3688 701 3735; x_wconf 88' lang='lat' dir='ltr'>dnae</span> <span class='ocrx_word' id='word_1_334' title='bbox 714 3687 785 3750; x_wconf 86' lang='lat' dir='ltr'>illae,</span> <span class='ocrx_word' id='word_1_335' title='bbox 803 3703 863 3753; x_wconf 82' lang='lat' dir='ltr'>quas</span> <span class='ocrx_word' id='word_1_336' title='bbox 877 3704 909 3737; x_wconf 79' lang='lat' dir='ltr'>ex</span> <span class='ocrx_word' id='word_1_337' title='bbox 922 3704 997 3754; x_wconf 88' lang='lat' dir='ltr'>opere</span> <span class='ocrx_word' id='word_1_338' title='bbox 1010 3688 1112 3751; x_wconf 83' lang='lat' dir='ltr'>fignlino</span> 
     </span>
     <span class='ocr_line' id='line_1_39' title="bbox 60 3752 1109 3808; baseline -0.002 0"><span class='ocrx_word' id='word_1_339' title='bbox 60 3775 126 3808; x_wconf 89' lang='lat' dir='ltr'>nunc</span> <span class='ocrx_word' id='word_1_340' title='bbox 143 3759 166 3807; x_wconf 91' lang='lat' dir='ltr'>in</span> <span class='ocrx_word' id='word_1_341' title='bbox 181 3757 269 3807; x_wconf 88' lang='lat' dir='ltr'>Museo</span> <span class='ocrx_word' id='word_1_342' title='bbox 283 3757 425 3807; x_wconf 87' lang='lat' dir='ltr'>Britannico</span> <span class='ocrx_word' id='word_1_343' title='bbox 443 3760 574 3805; x_wconf 88' lang='lat' dir='ltr'>asservato</span> <span class='ocrx_word' id='word_1_344' title='bbox 591 3754 669 3803; x_wconf 88' lang='lat' dir='ltr'>edidit</span> <span class='ocrx_word' id='word_1_345' title='bbox 681 3752 905 3805; x_wconf 85' lang='lat' dir='ltr'>Winckelmannus</span> <span class='ocrx_word' id='word_1_346' title='bbox 922 3756 1030 3806; x_wconf 76' lang='lat' dir='ltr'>Monuni.</span> <span class='ocrx_word' id='word_1_347' title='bbox 1044 3757 1109 3807; x_wconf 88' lang='lat' dir='ltr'>ined.</span> 
     </span>
     <span class='ocr_line' id='line_1_40' title="bbox 59 3822 1112 3891; baseline -0.001 -15"><span class='ocrx_word' id='word_1_348' title='bbox 59 3826 161 3889; x_wconf 84' lang='lat' dir='ltr'>n.182,</span> <span class='ocrx_word' id='word_1_349' title='bbox 180 3827 250 3875; x_wconf 87' lang='lat' dir='ltr'>ouius</span> <span class='ocrx_word' id='word_1_350' title='bbox 269 3826 352 3891; x_wconf 91' lang='lat' dir='ltr'>operis</span> <span class='ocrx_word' id='word_1_351' title='bbox 371 3826 476 3874; x_wconf 89' lang='lat' dir='ltr'>alterum</span> <span class='ocrx_word' id='word_1_352' title='bbox 490 3822 617 3888; x_wconf 86' lang='lat' dir='ltr'>exemplar</span> <span class='ocrx_word' id='word_1_353' title='bbox 633 3828 718 3872; x_wconf 82' lang='lat' dir='ltr'>exstat</span> <span class='ocrx_word' id='word_1_354' title='bbox 734 3823 757 3871; x_wconf 89' lang='lat' dir='ltr'>in</span> <span class='ocrx_word' id='word_1_355' title='bbox 775 3824 981 3890; x_wconf 81' lang='lat' dir='ltr'>exquisitissima,</span> <span class='ocrx_word' id='word_1_356' title='bbox 999 3826 1112 3891; x_wconf 90' lang='lat' dir='ltr'>omnique</span> 
     </span>
     <span class='ocr_line' id='line_1_41' title="bbox 58 3889 888 3958; baseline -0.002 -14"><span class='ocrx_word' id='word_1_357' title='bbox 58 3909 154 3958; x_wconf 82' lang='lat' dir='ltr'>genere</span> <span class='ocrx_word' id='word_1_358' title='bbox 167 3894 348 3958; x_wconf 86' lang='lat' dir='ltr'>elegantiarum</span> <span class='ocrx_word' id='word_1_359' title='bbox 360 3890 569 3942; x_wconf 88' lang='lat' dir='ltr'>abundantissima</span> <span class='ocrx_word' id='word_1_360' title='bbox 582 3891 730 3940; x_wconf 87' lang='lat' dir='ltr'>collectione</span> <span class='ocrx_word' id='word_1_361' title='bbox 742 3889 888 3956; x_wconf 84' lang='lat' dir='ltr'>Campanae.</span> 
     </span>
    </p>

    <p class='ocr_par' dir='ltr' id='par_1_7' title="bbox 59 3959 1111 4095">
     <span class='ocr_line' id='line_1_42' title="bbox 131 3959 1111 4029; baseline 0 -19"><span class='ocrx_word' id='word_1_362' title='bbox 131 3961 172 4025; x_wconf 78' lang='lat'>11)</span> <span class='ocrx_word' id='word_1_363' title='bbox 192 3962 270 4026; x_wconf 83' lang='lat' dir='ltr'>Quam</span> <span class='ocrx_word' id='word_1_364' title='bbox 286 3962 407 4027; x_wconf 88' lang='lat' dir='ltr'>porticum</span> <span class='ocrx_word' id='word_1_365' title='bbox 425 3975 478 4009; x_wconf 89' lang='lat' dir='ltr'>cum</span> <span class='ocrx_word' id='word_1_366' title='bbox 495 3974 525 4008; x_wconf 88' lang='lat' dir='ltr'>eo</span> <span class='ocrx_word' id='word_1_367' title='bbox 537 3960 664 4022; x_wconf 89' lang='lat' dir='ltr'>aedificio,</span> <span class='ocrx_word' id='word_1_368' title='bbox 681 3959 724 4009; x_wconf 92' lang='lat' dir='ltr'>ubi</span> <span class='ocrx_word' id='word_1_369' title='bbox 736 3959 884 4026; x_wconf 79' lang='lat' dir='ltr'>Caryatidas</span> <span class='ocrx_word' id='word_1_370' title='bbox 901 3962 1003 4029; x_wconf 83' lang='lat' dir='ltr'>primunr</span> <span class='ocrx_word' id='word_1_371' title='bbox 1017 3963 1111 4028; x_wconf 85' lang='lat' dir='ltr'>positas</span> 
     </span>
     <span class='ocr_line' id='line_1_43' title="bbox 59 4026 1072 4095; baseline -0.002 -16"><span class='ocrx_word' id='word_1_372' title='bbox 59 4027 140 4079; x_wconf 86' lang='lat' dir='ltr'>luisse</span> <span class='ocrx_word' id='word_1_373' title='bbox 153 4030 250 4091; x_wconf 87' lang='lat' dir='ltr'>scribit,</span> <span class='ocrx_word' id='word_1_374' title='bbox 262 4036 388 4094; x_wconf 83' lang='lat' dir='ltr'>comparat</span> <span class='ocrx_word' id='word_1_375' title='bbox 399 4030 451 4093; x_wconf 88' lang='lat' dir='ltr'>ipse</span> <span class='ocrx_word' id='word_1_376' title='bbox 465 4027 605 4081; x_wconf 90' lang='lat' dir='ltr'>Vitruvius.</span> <span class='ocrx_word' id='word_1_377' title='bbox 630 4026 667 4079; x_wconf 86' lang='lat' dir='ltr'>Cf.</span> <span class='ocrx_word' id='word_1_378' title='bbox 681 4029 711 4078; x_wconf 88' lang='lat' dir='ltr'>de</span> <span class='ocrx_word' id='word_1_379' title='bbox 724 4030 809 4080; x_wconf 82' lang='lat' dir='ltr'>eadem</span> <span class='ocrx_word' id='word_1_380' title='bbox 822 4028 927 4080; x_wconf 83' lang='lat' dir='ltr'>Pausan.</span> <span class='ocrx_word' id='word_1_381' title='bbox 940 4030 980 4094; x_wconf 93' lang='lat' dir='ltr'>lll,</span> <span class='ocrx_word' id='word_1_382' title='bbox 995 4031 1035 4095; x_wconf 91' lang='lat'>11,</span> <span class='ocrx_word' id='word_1_383' title='bbox 1048 4030 1072 4078; x_wconf 89' lang='lat'>3.</span> 
     </span>
    </p>
   </div>
   <div class='ocr_carea' id='block_1_6' title="bbox 0 0 1288 4530">
    <p class='ocr_par' dir='ltr' id='par_1_8' title="bbox 0 0 1288 4530">
     <span class='ocr_line' id='line_1_44' title="bbox 0 0 1288 4530; baseline 0 0"><span class='ocrx_word' id='word_1_384' title='bbox 0 0 1288 4530; x_wconf 95' lang='lat' dir='ltr'> </span> 
     </span>
    </p>
   </div>
  </div>
 </body>
</html>
