2558 4530
144 340 179 395 60
551 336 600 390 De
618 335 798 390 Hellanico

143 484 281 592 θέρειε
264 513 283 556 ο
305 487 386 565 νειύς
406 492 466 595 τῆς
487 481 602 596 Ἥρας
622 486 656 554 ἒν
669 482 791 596 Ἀργει
812 485 1015 596 κατεκαύθη,
1038 485 1210 596 Χρυσίδος

142 576 201 662 τῆς
227 569 349 679 ιερείας
375 571 489 652 λύχνον
514 574 590 639 τινὰ
615 568 784 680 delopc‘
764 598 909 679 ημμενον
935 596 1022 679 προς
1042 573 1085 636 τὰ
1109 573 1208 680 στέμ-

143 683 233 744 ματα
247 684 305 725 και
296 656 715 779 ἐπικαταδαρθούσιρς,“
687 680 773 722 ωστε
788 655 908 724 ελαθεν
917 652 1080 764 'depulsura
1095 657 1209 724 πάντα

144 769 203 810 και
194 741 514 850 καταφλεχθέντα·
537 767 595 808 και
598 768 637 850 η
660 743 789 826 Χροσὶς
809 743 869 826 μὲν
891 738 993 819 εύθύς
1010 766 1072 845 της
1092 745 1210 848 νυκτὸς

103 855 131 896 ιι
145 825 285 895 δείσασα
305 852 383 906 τους
402 822 608 933 Ἀργείους’
592 851 628 906 ες
649 828 815 893 Φλιοῦντα
837 825 966 917 φεύγει
990 823 1022 892 οὶ
1046 827 1084 892 δὲ
1107 822 1208 916 ἄλλην

143 909 296 1021 ιέρειαν
288 911 325 978 ἐκ
345 913 404 977 τοῦ
426 909 527 1016 νόμου
548 919 608 978 τού
631 912 845 1018 προκειμένου
866 913 1110 1021 κατεστήσαντο
1136 919 1206 978 Φα-

144 993 296 1064 εινιύα
278 994 398 1103 ύνομα.
434 992 498 1102 ἔτη
528 996 566 1062 δε
592 997 721 1104 Χρυσίς
746 999 805 1062 τοῦ
813 997 978 1102 πολέμου
1004 993 1143 1062 τοῦδε
1128 998 1207 1064 επέ-

143 1078 287 1167 λαβεν’
270 1107 357 1148 οκτιο
385 1080 444 1145 καὶ
466 1077 580 1147 ε’νατον
601 1105 638 1147 εκ
659 1080 778 1164 μέσον,
810 1079 865 1148 ὅτε
887 1081 1073 1170 ἐπεφεύγει
1119 1087 1207 1165 Fugit

143 1173 189 1234 01.
205 1172 261 1244 89,
281 1170 359 1231 2vel
375 1169 477 1231 423³.
493 1171 574 1244 Chr„
596 1171 760 1232 sacerdotio
780 1190 834 1250 per
854 1172 894 1232 56
916 1190 1012 1232 annos
1032 1171 1205 1247 functall).

142 1257 228 1318 Aliud
240 1256 382 1334 templum
395 1262 575 1316 exstructum
588 1264 643 1328 est,
659 1256 815 1317 architecto
828 1257 991 1336 Eupolemo
1004 1257 1120 1334 Argivo,
1135 1276 1206 1317 mox

143 1341 330 1402 nobilissimo
347 1341 396 1401 illo
411 1340 588 1419 Polycleti
564 1359 649 1419 signo
666 1341 785 1402 clarum.

231 1427 283 1502 10)
306 1425 476 1487 Phaeinis
492 1427 535 1486 vel
550 1426 648 1486 dorice
662 1426 851 1486 Pbaennis.
882 1425 922 1486 De
937 1425 992 1486 hac
1003 1425 1075 1485 nihil
1088 1434 1205 1487 constat

143 1511 200 1572 nisi
215 1512 398 1573 sacerdotem
417 1510 525 1571 factam
541 1529 607 1571 esse
623 1510 668 1571 01.
686 1510 739 1586 89,
760 1512 779 1572 2
796 1511 839 1570 vel
853 1529 878 1571 a.
895 1510 967 1571 423.
997 1511 1039 1570 Ex
1054 1512 1205 1589 posterio-

142 1597 223 1657 ribus
239 1596 317 1657 nulla
331 1596 511 1655 nominatur.
541 1595 649 1656 Verum
668 1603 790 1675 apparet
807 1596 913 1656 barum
934 1596 1067 1655 omnium
1087 1615 1203 1656 memo-

142 1682 215 1742 riam
231 1688 374 1759 servatam
389 1698 455 1739 esse
469 1697 531 1740 non
545 1687 605 1742 tam
617 1690 739 1759 propter
748 1682 829 1761 ipsas
841 1699 928 1759 quam
940 1688 1107 1759 propterca,
1124 1683 1203 1759 quod

141 1765 306 1827 Hellanicus
323 1783 378 1825 suo
401 1783 490 1842 opere
508 1766 641 1826 ellecerat
660 1773 693 1826 ut
712 1768 782 1826 baec
801 1766 921 1825 nomina
940 1763 1038 1825 locum
1055 1768 1202 1843 quendam

142 1851 173 1911 in
188 1849 311 1911 historia
323 1857 406 1910 nacta
419 1856 532 1923 essent;
549 1851 624 1911 unde
636 1850 786 1929 probabile
798 1869 873 1929 opus
886 1848 1022 1909 Hellanici
1035 1850 1203 1911 substitisse

90 2004 93 2009 ¹
142 1935 261 2006 iubae,
284 1952 357 2013 quae
375 1941 526 2012 postrema
547 1936 731 2009 nominatnr3
753 1936 781 1996 id
805 1934 974 2016 quodcum
996 1935 1090 2014 ipsius
1110 1943 1202 1996 aetate

143 2019 255 2098 optime
275 2019 416 2092 concinit,
436 2038 522 2098 quam
542 2020 667 2081 vidimus
690 2039 783 2099 usque
804 2021 840 2080 ad
861 2018 970 2079 exitum
986 2019 1093 2080 saeculi
1109 2021 1201 2098 quinti

142 2105 297 2183 pertinere.

227 2191 301 2250 Post
312 2187 492 2248 Hellanicum
508 2190 674 2251 sacerdotes
685 2189 804 2267 Argivas
820 2188 856 2248 ad
861 2206 948 2284 ⁸'opus
960 2189 1133 2250 historicum
1150 2190 1202 2250 ad·

142 2273 236 2334 hibuit
251 2273 415 2334 Heraclides
429 2274 611 2348 Ponticuss
604 2293 634 2335 ιιι
649 2274 723 2334 libro
741 2274 776 2333 de
791 2273 911 2333 musicis
927 2274 1102 2344 illustribus,
1119 2275 1202 2334 cuius

142 2359 255 2505 foptegm
270 2358 441 2419 Plutarchus
463 2360 498 2419 de
519 2360 675 2420 musicae
691 2358 710 2417 3
729 2357 820 2417 fuisse
841 2358 911 2418 dicit
904 2355 991 2463 τήν
1011 2351 1204 2460 αναγραφὴν

142 2437 282 2545 τνμέῚν
233 2434 443 2504 νΣικυῶνι’
422 2437 643 2547 αποκειμένην
658 2442 706 2521 (cf.
722 2461 746 2502 c.
760 2440 802 2517 8),
827 2431 917 2503 dc*
878 2463 936 2546 ης
949 2463 1010 2516 τας
1029 2463 1066 2503 τε
1081 2434 1204 2544 ιερείας

143 2547 205 2601 τας
225 2518 282 2589 ἐν’
274 2518 385 2607 Ἀργει
407 2522 464 2588 καὶ
485 2525 563 2603 τούς
583 2546 729 2609 ποιητας
750 2546 808 2587 και
829 2523 906 2600 τους
927 2546 1108 2605 μουσικους
1131 2518 1204 2590 ὀνο-

143 2607 248 2692 μύζει,
264 2614 343 2673 unde
357 2612 442 2690 vulgo
455 2614 542 2674 etiam
554 2612 734 2673 Hellanicum
746 2612 975 2672 commentarios
988 2611 1204 2688 Sicyoniorum,

144 2715 206 2757 non
219 2698 391 2794 Argivorum
407 2705 539 2759 secutum
555 2716 621 2756 esse
632 2696 820 2770 traduntlsst,
837 2696 914 2774 quod
927 2695 1032 2754 falsum
1045 2712 1109 2752 esse
1120 2704 1204 2773 puto.

143 2781 216 2842 Nam
233 2789 312 2860 patet
326 2782 469 2843 rationem
484 2783 562 2843 illam
577 2798 671 2840 annos
687 2781 861 2840 numerandi
877 2780 912 2840 ab
925 2778 1037 2855 Argivis
1050 2778 1084 2838 ad
1098 2781 1204 2859 Sicyo-

144 2866 210 2926 nios
222 2867 387 2927 translatam
400 2887 476 2940 csse,
494 2885 568 2945 quos
581 2864 717 2943 primitus
731 2871 846 2924 constat
861 2871 994 2942 tempora
1010 2864 1203 2943 descripsisse

145 2951 307 3012 secundum
323 2954 490 3013 sacerdotes
501 2948 644 3026 Apollinis
658 2949 768 3019 (Iamsi,
785 2967 859 3027 quae
870 2950 943 3008 ratio
955 2948 985 3007 in
996 2967 1119 3009 recensu
1131 2950 1202 3010 Car-

104 3036 350 3109 scneonicarum‚
381 3036 493 3116 qualem
521 3032 687 3092 Heraclides
715 3033 839 3111 Sicyone
864 3033 1054 3110 investigasse
1079 3034 1201 3101 videtur,

144 3121 231 3198 longe
257 3120 530 3182 convenientissima
556 3125 626 3176 erat.
670 3118 792 3177 Exstant
817 3119 847 3177 in
871 3118 988 3178 Eusebii
1015 3138 1048 3178 cr
1072 3118 1201 3179 Castoris

145 3205 291 3266 chronicis
306 3205 449 3286 excerptis
466 3200 590 3278 (chron.
605 3201 628 3274 Ι,
645 3221 669 3262 c.
685 3203 743 3280 25)
759 3210 873 3282 septem
890 3203 999 3263 horum
1016 3205 1201 3264 sacerdotum

211 3423 256 3503 77)
275 3425 424 3474 Accnratins
437 3420 494 3468 Scb.
510 3418 622 3503 Thucyd.
636 3423 653 3473 l.
668 3439 690 3472 c.
702 3441 733 3474 το
724 3419 853 3542 ύμύσον
865 3419 1020 3504 ἐπλήρωσε,
1033 3423 1064 3474 τό
1080 3422 1138 3474 δὲ
1124 3441 1201 3477 εννα-

145 3486 355 3559 τονὴμιτελὲςή
359 3508 385 3550 ν,
402 3483 522 3538 ὥστετα
540 3487 631 3541 πάντα
649 3487 820 3554 πεντήκοντα
838 3487 895 3549 ἓ’ξ
882 3485 1201 3558 ημισυὲτηύιήνυσενὴ

146 3561 253 3640 Χρυσὶς
241 3562 307 3626 arcp
310 3576 360 3620 εια,
373 3555 405 3606 cl
418 3554 494 3606 Tbno
505 3556 570 3619 112
595 3559 631 3608 lle
644 3561 730 3624 templi
743 3562 936 3623 conflagratione
950 3558 981 3609 cf
995 3560 1069 3609 Paos.
1083 3559 1111 3624 ll,
1126 3560 1201 3622 12,2,

145 3642 185 3709 (yur
179 3629 264 3678 addit
275 3631 344 3688 baec,
357 3624 402 3674 καὶ
412 3624 542 3704 Χρυσηῒς
529 3643 573 3744 ςόμ
577 3623 810 3678 ὲνάπελθσῦσαέ
813 3645 825 3684 ς
840 3628 944 3707 Τεγέαν
957 3625 1006 3691 τὴν
1020 3598 1141 3690 Adryasin
1153 3624 1203 3691 τὴν

145 3642 240 3744 Αλέαν
254 3663 379 3746 ἱκέτεύεν.
408 3687 569 3758 Ἀργεῖοιὲ
582 3699 684 3757 καίπερ
697 3713 782 3747 κακου
770 3691 957 3759 τηλικούτου
967 3691 1108 3774 παρόντος
1118 3698 1203 3775 σφίσι

144 3761 194 3827 τὴν
207 3761 300 3814 εἰκόνα
318 3756 350 3808 ού
363 3761 538 3811 κυι9ειλον
505 3778 553 3824 της
567 3761 739 3830 Χρυσηΐδος·
758 3759 901 3815 ανύκειται
918 3762 948 3814 δὲ
966 3764 1012 3813 καὶ
1029 3761 1057 3818 ἒς
1074 3760 1140 3814 code
1152 3764 1202 3814 τοῦ

144 3845 212 3882 ναου
227 3848 275 3881 του
263 3829 508 3884 κατακαυθέντος
520 3827 695 3898 ἔμπροσθεν

213 3899 254 3957 ts)
274 3895 383 3945 Marum
397 3896 532 3960 Hpborcp
547 3899 587 3958 22,
602 3897 706 3946 Goeller
717 3898 779 3948 Tim
794 3917 817 3965 p.
833 3898 889 3960 196,
902 3901 954 3948 alii
980 3900 1016 3948 De
1030 3899 1203 3948 sacerdotibus

145 3965 267 4031 Apollinis
280 3962 371 4011 Cnrnei
384 3979 407 4013 v.
421 3965 462 4029 qui
475 3980 550 4030 supra
564 3966 674 4014 citantur
686 3981 709 4030 p
724 3965 755 4016 36
768 3976 819 4017 not
