2558 4530
169 405 222 460 124
576 401 623 455 De
648 399 703 453 via
723 371 821 453 sacro

168 561 310 644 pontibus
327 558 538 638 aggeribusque
552 557 701 619 struendis
717 555 870 617 assuefacti
885 554 1023 632 essent⁵l
1036 553 1227 633 Cephissum-

169 666 225 727 que
242 645 363 706 fluvium
384 643 527 705 similibus
551 642 689 722 operibus
709 642 906 702 coercendum
926 639 1132 719 suscepissent
1146 639 1228 719 idque

168 751 203 793 ex
230 729 440 792 consuetudine
466 728 632 807 priscorum
653 735 822 805 temporum
845 743 906 786 non
928 725 992 785 sine
1015 725 1227 804 superstitiosis

167 816 340 898 quibusdam
363 812 615 875 observationibus
636 817 841 892 procurarent,
867 809 993 871 obtinuit
1012 818 1046 871 ut
1067 811 1134 888 ipse
1155 828 1227 890 pons

167 911 252 981 atque
267 901 400 962 adiacens
415 899 495 976 regio
511 916 594 959 sacer
605 897 733 977 quodam
747 896 836 957 modo
849 903 935 974 atque
946 894 1072 974 antiquis
1086 895 1227 956 caerimo-

166 988 223 1049 niis
244 985 399 1063 religiosus
419 984 514 1055 fieret3
534 1003 560 1044 v.
576 983 684 1043 Herod.
701 983 733 1053 V,
756 982 795 1041 57
812 988 841 1041 et
855 999 928 1059 quae
942 1000 977 1041 eo
994 981 1111 1041 deloco
1128 980 1227 1059 dispu-

166 1072 223 1134 tavi
242 1071 353 1132 Demet.
373 1076 402 1129 et
420 1069 561 1147 Perseph.
582 1087 611 1146 p.
634 1067 695 1128 392
716 1085 795 1145 sqq,
814 1065 864 1126 ubi
883 1064 970 1126 verba
990 1056 1174 1148 Ἀθηναῖοι
1196 1058 1229 1126 δέ

169 1174 274 1240 σφεας
300 1148 360 1216 ἐπὶ
387 1152 515 1235 ῥητοῖσι
541 1147 694 1228 ἐδέξαντο
720 1145 831 1236 σφέων
858 1142 966 1211 αὐτῶν
993 1137 1080 1211 εἶναι
1109 1144 1226 1232 πολιή-

166 1261 236 1317 τας,
258 1232 391 1301 πολλῶν
411 1231 494 1299 τέων
514 1232 573 1298 καὶ
599 1229 657 1298 οὐκ
679 1228 917 1318 ἀξιαπηγήτων
938 1229 1156 1311 ἐπιτάξαντες
1178 1226 1227 1317 ἔρ-

168 1326 292 1406 γεσθαι
314 1340 376 1384 non
397 1329 475 1383 recte
500 1322 638 1402 explicata
662 1341 727 1383 esse
746 1321 863 1382 monuit
881 1321 1007 1381 lllausen
1028 1320 1065 1380 de
1085 1320 1183 1380 Aenea
1202 1326 1227 1379 et

123 1436 150 1478 ιο
169 1410 326 1473 Penatibus
347 1428 375 1487 p.
392 1407 453 1468 948
475 1415 536 1468 not.
560 1408 650 1468 1904.
689 1407 808 1467 Rectius
831 1406 899 1466 inde
921 1405 1056 1483 colligere
1079 1404 1225 1474 debebam,

167 1513 230 1557 non
246 1495 344 1555 omnia
361 1493 482 1554 civitatis
498 1494 559 1554 iura
576 1493 611 1552 ab
627 1490 854 1553 Atheniensibus
870 1510 936 1551 cum
952 1490 1132 1568 Gephyraeis
1149 1508 1225 1550 com-

167 1580 315 1641 municata
331 1598 409 1653 esse,
429 1597 496 1638 nam
513 1579 592 1656 quod
608 1579 672 1656 ipse
686 1576 861 1637 Klausenlns
878 1576 1022 1636 coniectat
1037 1574 1073 1635 de
1091 1574 1226 1635 castimo-

167 1665 225 1725 niis
246 1663 421 1742 quibusdam
441 1661 682 1732 sacerdotalibus,
703 1662 732 1722 id
748 1661 844 1722 eloco
861 1659 1003 1720 Herodoti
1017 1677 1145 1738 prorsus
1161 1659 1225 1720 alie-

167 1767 240 1810 num
257 1767 323 1808 esse
339 1746 443 1807 indico.
474 1747 515 1807 lle
531 1747 621 1806 sacris
638 1754 734 1807 autem
751 1746 989 1825 Gephyraeorum
1002 1762 1076 1822 quae
1088 1743 1124 1805 ab
1137 1745 1226 1804 Hero·

170 1834 240 1894 doto
270 1839 439 1903 narrantur,
468 1850 501 1892 ea
530 1832 636 1909 partim
666 1832 723 1892 hoc
753 1832 847 1910 Etpm.
873 1831 911 1890 M.
937 1831 1003 1890 loco
1034 1830 1225 1890 illustrantur:

169 1915 339 2002 Γεφυρεῖς,
369 1913 473 1998 δῆμος
498 1907 663 1992 Ἀττικός,
692 1908 774 1977 ὅθεν
794 1910 851 1976 καὶ
875 1916 906 1974 Γ
904 1906 1047 1999 εφοραία
1070 1908 1227 1996 Δημήτηρ

169 1993 308 2086 εἴρηται,
325 1994 396 2063 obad
412 1997 471 2062 τοῦ
485 1991 570 2078 ἔχειν
592 1996 745 2084 γέφυραν,
763 1992 810 2060 dc’
832 1987 871 2083 ἧς
893 1994 953 2061 ἐπὶ
965 1991 1133 2060 Ἐλευσῖνα
1149 2017 1227 2057 κατ-

169 2081 259 2149 ίασιν
288 2079 321 2149 οἳ
343 2081 480 2165 μύσται,
509 2087 604 2163 iisque
623 2104 697 2164 quae
716 2084 751 2144 ab
772 2085 834 2145 aliis
855 2084 1050 2163 scriptoribus
1072 2084 1107 2143 de
1126 2082 1228 2143 Cerere

167 2174 278 2233 Achaea
297 2173 463 2241 traduntur,
479 2170 587 2247 partim
608 2170 656 2241 iis,
676 2188 749 2247 quae
770 2169 805 2229 de
819 2177 932 2230 vetusto
949 2169 1026 2230 cultu
1042 2169 1188 2229 Minervae
1203 2175 1228 2228 et

169 2257 205 2317 de
225 2255 352 2316 Palladio
372 2255 402 2314 in
422 2255 502 2314 huno
525 2254 622 2332 ipsum
645 2261 765 2333 pontem
787 2254 907 2315 coelitus
932 2254 1050 2332 delapso
1074 2252 1227 2332 gentilique

169 2339 334 2401 sacerdotio
350 2339 587 2418 Gephyraeorum
601 2345 738 2400 constant
749 2358 783 2399 ex
794 2339 955 2418 Phylarcho
968 2347 997 2399 et
1007 2338 1135 2416 antiquis
1148 2357 1227 2398 com-

168 2425 381 2487 mentatoribus
401 2423 511 2503 Virgilii
530 2432 558 2485 et
577 2425 618 2485 Ιο.
638 2424 733 2505 Lydo,
755 2425 804 2502 qui
824 2424 944 2485 notitias
965 2442 1034 2484 suas
1051 2443 1084 2483 er
1101 2425 1227 2484 Varrone

168 2511 303 2573 hausisse
318 2510 466 2584 videntur,
489 2530 514 2570 ν.
532 2529 604 2589 qnae
620 2511 656 2571 de
671 2510 718 2570 his
734 2509 806 2570 locis
822 2516 892 2588 post
905 2528 952 2569 me
968 2509 1115 2587 disputata
1131 2515 1227 2569 sunta

169 2596 390 2657 Schneidewino
407 2595 535 2656 Coniect.
552 2595 614 2655 crit.
630 2614 659 2672 p.
678 2594 737 2654 164
754 2613 819 2674 sqq.
854 2593 1010 2654 Enimvero
1026 2593 1136 2653 mirum
1153 2591 1226 2672 quod

167 2681 328 2741 Pausanias
344 2688 419 2740 tacet
434 2681 470 2738 de
485 2679 531 2738 his
547 2679 763 2739 traditionibus
794 2679 906 2739 Dixeris
920 2678 1162 2758 Gephyraeorum
1174 2696 1227 2738 no·

169 2781 238 2823 men
259 2771 345 2841 atque
365 2781 445 2822 sacra
466 2762 655 2839 gliscentibus
679 2763 800 2824 saeculis
817 2763 977 2825 evanuisse.
1007 2763 1093 2836 Quod
1109 2771 1143 2823 ut
1157 2780 1226 2823 con-

169 2849 268 2908 cedam
291 2848 431 2907 dedomo
453 2847 614 2907 secundum
639 2848 825 2927 Gephyraeos
846 2849 988 2928 appellato
1008 2848 1070 2908 fieri
1086 2848 1225 2926 potuisse,

167 2933 205 2992 de
221 2932 311 2992 sacris
326 2939 425 2990 tamen
441 2949 456 2990 a
472 2931 607 3002 sollicita,
631 2952 687 3012 qna
704 2932 804 2993 Graeci
820 2951 972 2994 sacrorum
987 2940 1147 2994 vestutates
1158 2950 1227 3013 pro-

169 3016 253 3095 sequi
269 3014 412 3087 solebant,
433 3015 572 3094 religione
587 3018 657 3078 adeo
674 3018 820 3089 abhorret,
844 3026 877 3079 ut
891 3037 938 3079 res
954 3018 1035 3079 aliter
1050 3017 1227 3096 expedienda

168 3101 306 3160 videatur.
336 3101 372 3161 Et
386 3100 458 3160 mihi
474 3101 591 3180 quidem
607 3102 762 3163 verisimile
777 3102 844 3163 illud
860 3105 960 3182 ipsum
975 3103 1135 3181 templum,
1150 3101 1227 3181 quod

157 3185 327 3247 'Pausanias
347 3194 493 3247 memorat
510 3206 604 3266 prope
619 3188 720 3249 Ficum
737 3187 856 3248 Sacram
872 3188 1033 3261 exstitisse,
1055 3180 1228 3270 Δήμητρος

236 3378 260 3439 5)
278 3375 334 3442 lpsa
347 3376 463 3440 Tanagra
476 3379 534 3428 olim
542 3378 655 3448 Γίφυρα
664 3379 839 3444 appellabatur
848 3378 951 3443 cinsque
961 3378 1057 3428 incolae
1067 3380 1226 3447 Γεφυραῖοι,

169 3437 212 3492 ὅτι
224 3443 254 3495 ἔν
267 3442 368 3512 σχεδία
380 3442 459 3516 κώμῃ
471 3448 664 3502 κατοικοῦντες
675 3447 721 3496 καὶ
733 3445 764 3498 ἐν
775 3447 808 3516 τῇ
821 3447 912 3515 πέραν
925 3448 960 3517 γῇ
973 3447 1023 3496 τοῦ
1037 3442 1168 3496 Ἀσωποῦ
1181 3440 1226 3495 διὰ

168 3512 216 3561 τοῦ
222 3514 364 3578 χειμῶνος
372 3513 402 3565 ἒν
411 3517 471 3569 ταῖς
479 3510 552 3581 πρὸς
561 3509 693 3578 ἀλλήλους
701 3512 856 3583 ἐπιμιξίαις
864 3511 1000 3583 γεφύραις
1008 3512 1219 3582 ἔχρῶνιο,Ελγιο

167 3577 201 3627 Μ.
214 3595 237 3643 p.
251 3579 309 3642 228,
322 3582 363 3630 57.
388 3582 510 3631 Similiter
522 3583 588 3631 dicta
601 3589 659 3632 sunt
672 3582 790 3631 Plataeae
806 3590 833 3631 ct
845 3582 928 3648 Copae
941 3590 967 3632 et
976 3582 1080 3632 lrcsium
1092 3583 1188 3647 oppida,
1203 3582 1226 3629 in

167 3645 229 3696 locis
239 3648 392 3712 palustribus
403 3650 521 3699 boeotiae
531 3651 592 3699 baec
601 3666 698 3715 quoque
708 3651 764 3711 sita,
775 3666 799 3700 v.
811 3649 894 3715 lltym.
902 3649 965 3715 M.p.
973 3650 1030 3712 303,
1044 3651 1072 3698 11
1084 3651 1226 3719 Ελρέσιον,

168 3708 249 3769 πόλις
261 3715 408 3778 Βοιωτῶν,
427 3711 470 3766 ὅτι
486 3718 682 3786 κατακλυσμοῦ
696 3733 766 3768 ποτε
781 3717 936 3787 γενομένου
948 3719 1046 3783 συνέβη
1059 3719 1125 3784 περὶ
1138 3722 1227 3767 Βοιω·

167 3783 230 3831 τίαν
241 3779 347 3838 πολλὰς
360 3783 460 3850 λίμνας
475 3779 665 3852 ἀναφανῆναι·
683 3785 712 3834 οἱ
723 3777 774 3836 οὖν
785 3781 917 3852 ἐγχώριοι
930 3782 1051 3841 πλάταις
1062 3787 1109 3835 καὶ
1121 3781 1227 3838 κώπαις

168 3848 217 3927 καὶΙ
234 3849 340 3928 εἰρεσίᾳ
361 3867 443 3919 κεχρη
468 3852 526 3903 ένοι
543 3849 593 3907 τὰς
614 3848 686 3919 πρὸς
707 3848 838 3917 ἀλλήλους
854 3852 997 3922 ἐπιμιξίας
1013 3853 1177 3904 ἐποιοῦντο·
1199 3851 1227 3902 ἐκ

113 3937 116 3940 ·
167 3931 269 3998 aaaron
279 3933 329 3968 ουν
338 3916 387 3974 τὰς
399 3916 437 3968 πό
457 3935 495 3975 εις
507 3915 666 3988 ὠνόμασαν,
681 3915 739 3970 ἀπὸ
752 3919 806 3988 μὲν
818 3922 873 3972 τῶν
883 3922 996 3973 πλατῶν
1005 3918 1158 3982 Πλαταιάς,
1168 3915 1225 3971 ἀπὸ

168 3980 200 4032 da
217 3999 273 4034 των
289 3985 392 4037 κωπῶν
408 3983 523 4048 Korada,
541 3982 600 4037 ἀπὸ
619 3985 650 4037 δὲ
667 3987 715 4052 τῆς
733 3988 853 4056 ελρεσίας
871 3990 1017 4056 Ελρέσιονε
1040 3990 1104 4056 quod
1118 3989 1225 4040 Romano

167 4051 290 4101 vocabulo
307 4055 389 4118 possis
402 4055 566 4120 interpretari
578 4053 724 4104 Velabrum.
