2558 4530
148 363 200 415 102
536 358 579 409 De
606 355 823 423 l'raxiplrane

103 535 130 574 ιι
148 516 335 597 grammatica
356 515 391 576 ab
410 515 674 575 Alexandrinorum
695 514 835 584 distabat,
856 512 1067 593 principiorum
1090 522 1210 575 contra-

145 603 224 664 rium
250 600 377 679 quodam
403 600 493 660 modo
520 600 555 660 ad
575 598 782 677 Peripateticae
808 617 841 658 ao
862 597 976 658 Stoicae
1001 601 1210 676 grammaticae

146 686 370 765 discrepantiam
397 684 507 744 referri.
542 683 657 743 Etenim
681 702 768 761 quam
788 683 973 743 Alexandrini
995 682 1211 761 profitebantur

147 763 335 851 ἀναλογίαν,
357 789 421 830 eam
443 776 575 848 apertum
597 777 642 828 est
661 767 839 846 respondere
859 785 982 828 normae
996 767 1045 827 isti
1060 776 1148 846 atque
1163 786 1210 828 re·

147 857 229 935 gulae
247 855 386 925 rationis,
412 873 468 932 qua
488 852 673 930 Peripatetici
692 853 937 913 consuetudinem
958 852 1104 930 vulgarem
1126 853 1209 913 cohi·

146 941 253 1002 habant
272 957 437 1020 purumque
454 937 535 998 illum
551 956 583 997 ac
597 938 720 1016 politum
738 955 904 997 sermonem
922 937 1100 1008 condebant,
1122 957 1210 1016 quem

144 1015 522 1106 vocabant‘Ellqvcupo'v3
545 1030 747 1101 praeterquam
764 1022 843 1100 quod
857 1021 1038 1100 Peripatetici
1053 1023 1124 1082 artis
1141 1040 1209 1082 ora-

145 1111 239 1171 toriae
253 1127 342 1170 usum
355 1107 532 1185 spectabam,
547 1107 732 1167 Alexandrini
747 1108 964 1185 grammaticam
980 1115 1121 1185 tanquam
1137 1126 1209 1186 pro-

146 1195 240 1274 priam
254 1202 355 1268 artem,
371 1199 430 1252 tam
446 1191 616 1252 arhetorica
630 1211 717 1270 quam
731 1211 746 1251 a
758 1192 850 1270 logica
862 1199 1025 1270 separatam
1036 1192 1208 1252 tractabant.

148 1279 292 1340 Cratetem
307 1295 375 1336 vero
392 1276 471 1337 illum
487 1275 647 1347 Mallotem‚
668 1278 916 1354 Pergamenorum
937 1276 1117 1356 prinoipem,
1139 1276 1207 1337 satis

146 1370 251 1425 notum
268 1362 356 1423 estin
372 1380 406 1421 eo
424 1380 526 1440 opere,
547 1380 604 1440 quo
628 1353 802 1444 ἀνωμαλίᾳ
822 1368 922 1421 contra
938 1362 1139 1422 Aristarchum
1156 1381 1208 1440 pa·

146 1447 308 1510 trocinatns
323 1454 375 1520 est,
390 1444 426 1506 ab
443 1465 532 1524 opere
548 1445 703 1525 Chrysippi
718 1446 884 1525 profectum
901 1465 975 1506 esse.
1007 1445 1070 1506 Hoc
1085 1447 1111 1505 si
1126 1453 1207 1507 tene-

147 1552 245 1605 amus,
269 1533 355 1592 etiam
371 1532 441 1592 illud
457 1531 585 1610 expediri
600 1539 700 1610 potest
714 1531 793 1609 qnod
810 1549 862 1609 per
876 1531 947 1591 mihi
963 1531 1070 1591 mirum
1088 1530 1208 1601 videtur,

147 1618 255 1678 scilicet
275 1616 353 1694 quod
375 1616 404 1675 in
425 1616 497 1676 locis
517 1634 606 1694 supra
621 1615 743 1676 laudatis
759 1615 928 1676 Aristoteles
944 1623 1030 1694 atque
1046 1615 1207 1695 Praxipha-

146 1721 199 1762 nes
220 1699 439 1778 grammaticam
455 1700 613 1778 perfecisse
628 1701 825 1774 affirmantur,
848 1701 1016 1761 Stoicorum
1033 1709 1129 1761 autem
1145 1720 1207 1761 me·

148 1787 212 1856 rita,
227 1803 300 1862 quae
312 1783 424 1843 maiora
436 1792 525 1856 erant,
541 1803 576 1843 ne
592 1802 650 1844 nno
668 1785 785 1863 quidem
799 1785 886 1845 verbo
899 1792 1111 1845 memorantur.
1138 1784 1207 1845 Cre-

148 1868 271 1929 diderim
285 1867 418 1946 equidem
434 1867 547 1928 fontem
563 1870 667 1929 harum
682 1871 868 1930 notationum
880 1870 973 1930 fuisse
985 1871 1207 1947 grammaticum

146 1955 272 2033 aliquem
288 1953 513 2013 Alexandrinum
525 1956 583 2032 2⁰),
599 1972 732 2033 eumque,
748 1955 827 2033 quod
843 1945 1018 2034 ἀναλογίαν
1033 1974 1103 2016 suae
1118 1955 1207 2016 disci·

147 2039 242 2119 plinae
268 2038 430 2100 arctissime
456 2039 641 2099 coniunctam
664 2059 728 2099 esse
749 2059 814 2099 cum
835 2040 1094 2117 Peripateticorum
1116 2030 1206 2122 ἑλλη-

146 2120 255 2206 νισμῷ
278 2123 459 2200 intelligeret,
477 2123 635 2200 repudiatis
656 2124 763 2183 Stoicis
788 2124 823 2183 ah
845 2124 899 2185 illis
921 2124 1032 2184 semina
1054 2124 1116 2185 eius
1136 2125 1206 2184 artis

147 2217 278 2286 repetere
294 2206 430 2279 voluisse,
450 2223 537 2284 quam
554 2207 658 2267 deinde
674 2208 776 2286 etipse
788 2216 816 2268 et
831 2209 916 2269 ceteri
934 2210 1119 2270 Alexandrini
1136 2227 1208 2288 pro-

146 2293 311 2352 litehantnr.

234 2377 376 2455 Superest
400 2383 433 2437 nt
457 2375 552 2436 dicam
573 2377 746 2455 descriptis
768 2385 796 2437 et
815 2378 985 2456 fragmentis
1007 2379 1208 2457 Praxiphanis

147 2469 292 2542 quotquot
313 2461 399 2522 etiam
419 2479 499 2521 nunc
514 2469 636 2522 exstant.
667 2461 744 2522 Num
761 2462 979 2543 philosophiam
995 2463 1077 2523 libris
1093 2482 1209 2543 quoque

105 2569 131 2610 rs
148 2548 231 2608 editis
253 2546 436 2626 explicaverit
456 2546 533 2607 lraud
550 2554 677 2620 constet3
698 2557 774 2609 certe
795 2546 865 2606 nibil
882 2548 917 2608 ad
934 2548 1139 2627 philosophiae
1153 2549 1208 2609 Pe-

147 2633 313 2711 ripateticae
325 2631 546 2710 explicationem
559 2632 670 2702 adiecit,
685 2632 764 2710 quod
779 2632 824 2692 vel
835 2632 944 2692 diserto
958 2633 1112 2711 Epiphanii
1125 2634 1208 2694 testi-

147 2719 250 2777 monio
270 2734 359 2792 supra
375 2735 403 2792 p.
420 2716 439 2773 7
456 2716 591 2792 apposito
608 2716 811 2787 consumatur,
832 2717 876 2777 vel
893 2717 974 2790 inde,
996 2717 1073 2796 quod
1096 2719 1125 2778 in
1146 2724 1208 2779 toto

149 2800 328 2860 scholiorum
350 2800 380 2856 in
396 2798 562 2858 Aristotelis
582 2799 673 2859 libros
694 2820 709 2860 a
725 2801 870 2862 veteribus
886 2802 1093 2881 interpretibus
1110 2803 1208 2864 elabo-

149 2892 280 2945 ratorum
298 2899 436 2960 corpore,
454 2891 594 2958 quantum
611 2883 671 2943 eins
688 2885 830 2945 Brandisii
846 2905 913 2947 cura
929 2905 1008 2947 nunc
1022 2887 1208 2965 profligatum

150 2976 207 3039 est,
227 2987 264 3027 ne
285 2965 374 3026 semel
390 2965 505 3044 quidem
523 2967 714 3045 Praxiplranis
729 2970 840 3030 mentio
857 2971 992 3032 iniicitur.
1024 2972 1080 3044 Qui
1097 2980 1210 3033 exstant

149 3052 225 3113 tituli
245 3069 369 3130 operum
385 3049 529 3128 poeticam
545 3053 682 3126 maxime,
704 3072 777 3132 quae
799 3055 1030 3134 aPeripateticis
1052 3066 1209 3135 praeeunte

149 3268 174 3301 v.
188 3251 259 3300 Sext.
271 3251 343 3316 llrup.
355 3254 412 3303 udv.
432 3254 508 3306 llatb.
521 3254 544 3319 l,
563 3256 591 3319 3,
609 3256 655 3318 60,
673 3257 716 3307 ubi
734 3259 864 3308 notissima
882 3260 926 3308 illa
938 3259 1083 3309 delinitione
1096 3260 1209 3326 Dionysii

150 3318 254 3369 Thracis
268 3318 379 3370 exhibita
390 3322 558 3385 adiunguntur
570 3325 642 3373 haec:
658 3311 737 3382 οὗτος
748 3327 803 3393 μὲν
815 3317 865 3377 οὖν
877 3321 973 3382 οὕτως.
998 3325 1109 3393 ἐγκαλεῖ
1118 3325 1150 3378 δὲ
1162 3324 1209 3376 αὐ·

149 3386 189 3468 spi
201 3388 377 3454 Πτολεμαῖος
393 3385 407 3438 ὁ
421 3387 656 3458 Περιπατητικός,
674 3386 718 3442 ὅτι
737 3387 786 3442 οὐκ
802 3391 887 3462 ἐχρῆν
904 3393 1055 3462 ἐμπειρίαν
1072 3395 1208 3460 εἰρηκέναι

150 3470 199 3518 την
210 3452 419 3522 γραμματικήν·
433 3453 501 3521 αὐτὴ
512 3455 631 3527 μὲνγὰρ
645 3456 660 3523 ἡ
674 3458 807 3528 ἐμπειρία
820 3456 897 3528 τριβή
908 3465 949 3516 τίς
961 3460 1020 3511 ἐστι.
1032 3464 1078 3512 καὶ
1091 3459 1208 3530 ἐργάτις,

150 3517 265 3600 ἀτεχνος
282 3521 313 3572 ἀὲ
329 3527 375 3574 καὶ
393 3520 508 3604 ἀλογος,
521 3525 551 3578 ἐν
566 3528 633 3596 ψιλῇ
647 3524 837 3595 παρατηρήσει
850 3531 895 3578 καὶ
909 3533 1106 3596 σαγγιιμνασίιγ
1118 3531 1209 3597 κειμέ-

150 3605 191 3653 νη.
209 3607 224 3653 η
238 3588 269 3640 ἀὲ
278 3607 456 3660 γραμματικη
470 3596 550 3659 τέχνη
563 3597 742 3658 καθέστηκεν.
765 3597 887 3646 Similiter
900 3598 1063 3662 Asclepiades
1079 3599 1111 3647 ib.
1123 3596 1140 3659 l,
1151 3599 1175 3662 3,
1186 3598 1208 3647 t.

218 3657 261 3720 20)
280 3658 401 3709 Fortasse
414 3662 578 3725 Asclepiades
589 3663 744 3728 Myrleanns‚
757 3665 798 3728 qui
809 3665 874 3714 vixit
883 3673 995 3729 tempore
1003 3665 1115 3730 Pompeii
1126 3667 1209 3729 Magni

151 3731 177 3773 et
189 3726 291 3789 scripsit
307 3743 368 3791 opus
387 3730 451 3795 περὶ
464 3731 679 3796 γραμματικῶν,
698 3747 745 3795 qno
758 3733 886 3781 historiam
899 3733 1076 3795 grammaticae
1088 3741 1115 3783 et
1127 3749 1209 3796 gram·

149 3793 297 3841 maticorunr
311 3802 472 3856 tractaverat,
486 3798 550 3845 uude
564 3798 655 3847 multae
669 3800 811 3849 notationes
823 3801 853 3849 ad
868 3816 912 3849 nos
924 3808 1107 3865 pervenerunt,
1122 3801 1209 3866 partim

149 3875 195 3923 per
208 3859 316 3920 Suidam,
327 3863 415 3925 partim
429 3879 472 3927 per
484 3864 557 3926 alios,
570 3865 649 3913 veluti
664 3881 708 3930 per
723 3867 839 3917 Scholion
853 3868 914 3917 illud
927 3867 1075 3931 Plautinum,
1091 3870 1122 3917 da
1140 3869 1209 3917 cuius

46 3943 50 3951 ·
149 3924 219 4044 fpptc
228 3927 391 4042 pngabiliter
401 3929 544 3980 Nitzschius
554 3933 585 3981 de
595 3931 722 3982 Pisistrati
731 3934 839 3984 editione
851 3936 951 3985 llomeri
961 3952 984 4000 p.
998 3936 1027 3985 17
1039 3938 1105 3985 etad
1116 3935 1209 4002 Odyss.

189 4029 196 4057 ι
209 4009 232 4058 Ρ·
299 4031 305 4042 ·
