2574 4546
503 350 744 417 Peripatetico.
1103 364 1153 415 101

91 517 147 581 rat,
165 509 282 588 penitus
294 510 489 584 absolverunt,
504 519 538 572 ut
552 511 637 573 etiam
654 531 741 585 nunc,
756 515 905 576 nonnullis
920 517 1048 591 mutatis,
1064 519 1156 580 Stoici

92 595 197 673 optimi
218 613 318 655 earum
340 597 558 674 quaestionum,
586 616 660 678 quae
680 599 914 679 philosophicam
935 604 1155 680 grammaticam

92 687 236 759 spectant,
248 681 433 741 institutores
445 683 616 743 habeantur.
643 683 749 744 Verum
767 693 865 745 tamen
882 686 972 747 Stoici
988 706 1054 748 cum
1066 689 1096 749 in
1109 690 1155 749 in·

91 765 289 843 terpretandis
302 766 498 844 scriptoribus
510 767 778 847 vocabulorumque
786 770 995 848 significatibus
1003 792 1156 852 exponen-

91 850 138 911 dis
151 850 354 911 artificiosiore
366 851 533 930 disputandi
546 870 652 930 genere
664 861 823 927 uterentur,
832 855 911 933 quod
924 860 1155 932 agrammatico-

91 953 159 995 rum
176 935 439 996 Alexandrinorum
461 936 646 1015 simplicitate
667 939 753 1017 atque
773 958 827 999 usu
842 940 1028 1014 abhorreret,
1046 943 1156 1003 factum

91 1020 208 1080 videtur
219 1029 252 1081 ut
263 1021 302 1093 hi,
318 1021 419 1080 saltem
432 1022 622 1100 antiquiores,
634 1023 663 1083 in
677 1025 866 1101 grammatica
880 1025 1000 1086 colenda
1012 1027 1055 1086 vel
1068 1046 1155 1106 pror·
1244 1021 1249 1030 ⁸

90 1124 144 1166 sus
161 1105 342 1166 abstinerent
357 1124 373 1166 a
388 1107 584 1185 philosophis,
597 1107 642 1167 vel
655 1108 865 1187 Peripateticos
880 1111 978 1187 potius
991 1130 1078 1190 quam
1089 1113 1154 1174 illos

91 1192 355 1268 sequerenturlssl.
397 1190 504 1252 Contra
526 1192 697 1270 Pergameni
718 1193 834 1254 Stoicos
860 1195 1045 1257 sectabantur
1069 1216 1154 1276 prae·
1170 1214 1194 1253 ra

92 1275 325 1355 captoribusque
346 1276 422 1350 suis,
448 1284 481 1336 ut
505 1277 620 1338 mittam
646 1277 748 1338 falsam
770 1279 980 1357 interpretandi
999 1282 1154 1355 rationem,

92 1360 164 1421 illud
190 1361 291 1420 saltem
312 1360 470 1431 debebant,
498 1380 555 1440 quo
577 1362 779 1423 Alexandrinis
805 1363 930 1426 multum
957 1367 1155 1443 praestabant,

93 1446 174 1524 quod
200 1445 419 1522 grammaticam
442 1447 592 1506 scientiam
615 1454 699 1524 atque
725 1455 818 1507 artem
844 1467 909 1508 esse
927 1457 956 1508 et
976 1469 1042 1509 curn
1062 1451 1156 1529 logica

93 1529 299 1609 copulandam,
314 1548 374 1589 non
390 1531 597 1609 experientiam
613 1550 723 1591 meram
740 1539 826 1611 atque
841 1532 1036 1594 irrationalem
1051 1535 1157 1595 intelli·

93 1615 267 1694 gebant19).
298 1616 401 1676 Potest
416 1634 484 1676 vero
500 1616 586 1677 etiam
602 1615 722 1677 alterum
738 1617 817 1691 illud,
833 1636 891 1695 quo
907 1618 1156 1696 Pergamenorum

165 1765 204 1827 18)
224 1767 303 1816 Secus
316 1768 410 1817 iudicat
421 1768 483 1818 llud
497 1769 607 1818 Schmidt
624 1771 654 1818 dc
668 1769 808 1819 Stoicorum
821 1771 981 1833 grammatica
991 1787 1013 1836 p.
1024 1770 1055 1820 32
1072 1771 1156 1836 „Ete-

92 1836 144 1883 nim
162 1849 216 1882 cum
229 1835 457 1885 Alexandrinorum
475 1840 703 1899 grammaticorum,
723 1839 833 1902 priorum
852 1838 948 1903 quidem
966 1855 1101 1905 corumque
1115 1839 1155 1904 qui

91 1903 194 1968 proprie
212 1918 291 1967 neque
304 1904 433 1969 llcyniano
447 1920 523 1954 sensu
537 1906 571 1954 ita
583 1906 712 1966 dicuntur,
731 1906 773 1955 vix
787 1923 836 1955 uno
853 1907 968 1956 alterove
985 1908 1099 1972 exceptis
1112 1922 1158 1955 ne·

91 1971 154 2019 mini
170 1971 222 2019 ulla
240 1987 319 2036 neque
337 1987 391 2021 cum
410 1971 598 2036 Peripateticis,
619 1974 642 2021 id
660 1974 822 2037 quodminus
840 1980 909 2022 rccte
924 1975 1015 2022 alicubi
1033 1975 1157 2023 iudicasse

91 2038 235 2088 Prellerum
247 2040 359 2100 memini,
373 2055 453 2104 neque
469 2055 523 2088 cum
537 2040 629 2089 Stoicis
642 2041 803 2090 necessitudo
816 2041 987 2090 intercederet
999 2041 1040 2090 vel
1053 2056 1157 2090 consor·

91 2107 138 2167 tio,
152 2107 307 2170 omniumque
320 2108 402 2157 studia
411 2107 483 2156 unice
492 2108 573 2173 ampla
583 2109 724 2157 eruditione
735 2116 761 2157 et
770 2109 872 2158 assidua
882 2106 1056 2172 indefessaque
1067 2108 1155 2157 lectio-

92 2189 123 2222 ne
137 2181 164 2223 et
176 2173 352 2224 observatione
366 2176 388 2223 iu
400 2176 480 2241 poetis
491 2177 704 2241 scriptoribusque
715 2177 905 2225 continerentur
918 2177 986 2227 etc.“
1004 2176 1049 2225 Cui
1060 2182 1088 2225 ut
1097 2191 1157 2225 con-

91 2242 178 2291 cedam
191 2242 376 2292 Alexandrinos
389 2244 568 2308 philosophiam
582 2260 630 2292 non
644 2244 744 2293 nimium
757 2259 874 2307 curasse,
889 2251 969 2293 tamen
984 2245 1045 2293 illud
1059 2245 1156 2309 quidem

91 2310 182 2359 adduci
195 2310 238 2358 vix
252 2326 365 2375 possum,
384 2318 411 2359 nt
427 2312 491 2359 omni
506 2312 660 2376 philosophia
673 2312 747 2359 rudes
760 2309 838 2360 fuisse
851 2312 961 2361 arbitrer
973 2313 1014 2376 qui
1027 2319 1076 2361 tam
1090 2310 1155 2360 dilli-

91 2378 165 2427 cilem
178 2384 258 2427 artem
271 2385 319 2427 tam
333 2379 444 2427 scienter
454 2379 592 2444 callideque
603 2379 790 2443 descripserint.
811 2379 986 2444 Sequebantur
999 2387 1082 2429 autem
1091 2380 1156 2429 haud

91 2446 167 2494 dubie
179 2446 203 2493 in
218 2445 414 2511 philosophando
427 2447 572 2496 eclecticam
583 2448 712 2508 rationem,
722 2461 808 2494 verum
819 2447 854 2495 ita
865 2453 892 2495 ut
901 2446 1076 2510 Peripateticis
1087 2447 1156 2496 litte-

91 2515 128 2562 ris
141 2513 277 2579 impensius
291 2515 431 2563 studerent.
455 2514 561 2563 Constat
573 2515 638 2562 enim
650 2513 819 2562 Ptolemaeum
829 2513 1014 2578 Philadelphum
1025 2515 1156 2563 Aristote-

91 2582 123 2631 lis
134 2582 344 2631 studiosissimum
355 2580 447 2641 fuisse,
466 2597 543 2648 opera
556 2583 609 2630 cius
622 2582 647 2630 in
660 2581 809 2630 bibliotheca
824 2581 995 2629 Alexandrina
1011 2581 1153 2645 collegisse,

91 2649 237 2700 Stratonem
249 2650 281 2698 ad
295 2665 322 2699 se
334 2651 487 2712 adscivisse,
506 2651 585 2714 ipsum
598 2651 628 2698 de
642 2649 693 2698 vita
706 2664 736 2697 ac
749 2649 849 2714 scriptis
863 2648 1000 2711 stagiritae
1013 2649 1155 2715 scripsisse,

89 2733 114 2767 v.
127 2716 204 2766 Stahr
213 2716 362 2767 Aristotelia
373 2717 428 2768 Vol.
441 2717 469 2780 ll,
483 2734 505 2782 p.
519 2717 548 2766 61
564 2734 601 2782 sq.
627 2717 698 2766 Adde
711 2717 775 2781 quod
788 2716 960 2778 Callimachus,
972 2716 1155 2782 Aristophanes

90 2784 230 2850 Byzantius
246 2786 339 2849 aliique
351 2786 500 2835 Aristotelis
517 2787 609 2851 scripta
628 2791 813 2844 tractaverant,
826 2801 850 2833 v.
864 2785 897 2833 ib.
911 2801 933 2850 p.
947 2784 979 2833 98
993 2800 1045 2850 sq.;
1058 2785 1153 2835 Polcm.

90 2850 180 2915 fragm.
194 2868 218 2917 p.
233 2852 290 2916 131,
303 2861 329 2902 et
341 2855 404 2918 quod
419 2854 579 2919 Hermippus,
596 2853 739 2902 Callimachi
751 2853 901 2918 discipulus,
920 2860 989 2902 tanto
1003 2868 1057 2902 cum
1070 2854 1153 2902 studio

92 2919 116 2969 in
129 2920 279 2970 Aristotelis
292 2927 318 2970 et
330 2921 496 2986 Theophrasti
513 2922 628 2986 scriptis,
646 2921 720 2970 etiam
734 2921 913 2986 Metaphysicis
925 2928 1043 2970 versatus
1056 2927 1107 2982 est,
1125 2927 1154 2970 ut

91 3003 182 3037 nomen
195 2988 357 3054 Peripatetici
373 2996 523 3038 mereretur.
549 2990 619 3038 Adde
637 2990 704 3038 inter
717 2989 784 3053 ipsos
797 2989 971 3050 grarrrmaticos
984 2989 1154 3039 Ptolemaeum

91 3055 297 3121 Peripateticum,
311 3057 380 3106 cffins
393 3059 422 3106 de
432 3059 591 3120 grammatica
604 3057 773 3106 definitionem
787 3057 900 3106 servavit
912 3057 984 3106 Sext.
996 3057 1088 3121 [impin.
1098 3058 1154 3106 adv·

91 3123 171 3174 Matb.
184 3123 202 3188 l,
216 3124 240 3187 3,
253 3122 284 3173 cf.
296 3124 380 3174 Schol.
394 3127 449 3174 Art.
460 3125 564 3190 Dionys.
578 3141 600 3190 p.
616 3124 664 3174 730
691 3124 828 3174 Praeterea
840 3140 854 3173 a
868 3125 939 3187 Diog.
952 3124 981 3174 L.
994 3126 1019 3174 in
1033 3125 1154 3186 catalogis

92 3193 148 3243 τῶν
164 3187 323 3260 ὁμωνύμων
340 3194 474 3242 identidem
487 3192 649 3257 Peripatetici
664 3192 828 3240 Alexandrini
841 3199 1023 3254 memorantur,
1040 3193 1112 3241 velut
1124 3191 1154 3256 V,

92 3258 122 3309 61
137 3256 273 3329 Στράτων
287 3287 321 3296 -
334 3254 439 3326 ὄγδοος
450 3254 686 3324 Περιπατητικός,
699 3256 836 3324 βεβιωκὼς
848 3257 878 3310 ἓν
892 3254 1094 3324 Ἀλεξανδρείᾳ,
1113 3259 1154 3323 qui

91 3343 105 3376 a
117 3327 289 3393 Lampsaceno
302 3329 478 3390 distinguitur,
495 3327 537 3388 Vl,
553 3328 601 3377 164
616 3322 749 3395 Ἀρίστων
761 3355 795 3362 -
807 3323 885 3382 Γἐντος
899 3322 1090 3393 Ἀλεξανδρεὺς
1101 3330 1155 3376 Πε-

91 3390 285 3464 ριπατητικόςε
300 3404 328 3445 ut
338 3398 398 3445 haec
409 3397 562 3462 philosophia
574 3411 641 3445 suam
652 3396 795 3444 cathedram
803 3410 833 3443 ac
843 3394 1058 3442 successionemin
1066 3392 1153 3443 Museo

92 3465 265 3513 Alexandrino
279 3464 395 3513 habuisse
413 3465 543 3526 videatur,
561 3465 625 3528 quod
639 3463 799 3511 confirmatur
813 3462 956 3510 narratione
969 3462 1015 3509 hac
1028 3476 1065 3524 ap.
1081 3461 1153 3510 Dion.

92 3531 162 3581 Cass.
177 3530 307 3593 LXXVII,
322 3532 335 3579 t
349 3533 395 3581 καὶ
408 3530 442 3596 δὴ
457 3533 501 3581 καὶ
514 3528 578 3586 τοὺς
587 3526 763 3598 φιλοσόφους
773 3526 836 3583 τοὺς
846 3523 1078 3596 Άριστοτελείους
1087 3525 1154 3580 ὠνο-

91 3600 255 3668 μασμένους
267 3594 301 3649 τοί
314 3615 342 3649 τε
355 3597 424 3650 ἄλλα
437 3598 535 3654 δεινῶς
546 3597 638 3667 ἐμίσει
652 3597 807 3659 (Caracalla),
821 3589 892 3646 ὥστε
904 3596 950 3645 καὶ
962 3591 995 3644 τὰ
1004 3596 1095 3659 βιβλία
1106 3591 1154 3646 αὖ·

91 3667 140 3718 τοῦ
158 3668 332 3717 κατακαῦσαι
348 3667 492 3732 ἐθελῆσαι,
510 3669 556 3717 καὶ
568 3663 602 3716 τὰ
615 3668 745 3716 συσσίτια
758 3657 774 3712 bl
788 3663 817 3715 ἐν
829 3665 861 3734 τῇ
874 3660 1064 3733 Ἀλεξανδρείᾳ
1078 3662 1154 3730 εἶχον

92 3731 141 3792 τοὶς
159 3751 189 3786 τε
206 3733 309 3791 λοιπὰς
325 3730 460 3803 ὠφελείας
473 3731 540 3790 ὅσας
551 3733 724 3803 ἐκαρποῦντο
739 3727 876 3800 ἀφείλετο,
890 3731 1039 3799 ἐγκαλέσας
1052 3736 1155 3799 σφίσιν

90 3798 135 3921 pige
159 3805 301 3859 συναίτιος
325 3805 364 3870 τῷ
386 3800 557 3874 Ἀλεξάνδρῳ
580 3803 630 3852 τοῦ
651 3795 777 3853 θανάτου
796 3797 990 3871 ΙἈριστοτέλης
1008 3801 1154 3868 γεγονέναι

125 3872 180 3929 οξε.

163 3939 203 3999 19)
223 3937 293 3988 lnter
304 3940 491 3988 Alexandrinos
504 3939 663 3988 Ptolemaeus
680 3939 776 3988 demum
789 3935 972 4001 Peripateticus
985 3944 1011 3986 et
1023 3937 1156 4000 Asclepia-

91 4006 137 4055 des
155 4006 303 4072 lllyrleanus
321 4009 505 4069 grammaticam
523 4022 571 4055 non
590 4004 752 4075 ἐμπειρίαν,
766 4005 809 4054 sed
822 4007 921 4072 τέχνην
933 4020 990 4054 esse
1003 4004 1156 4064 statuebant,
