2558 4530
187 408 221 461 98
586 401 631 454 De
651 399 865 466 Praxiphane

155 577 270 623 amens
292 561 369 620 Alex.
392 560 501 619 Strom.
517 558 540 628 Ι,
562 576 590 634 p.
608 557 668 617 365
684 556 787 615 Potter
801 545 1055 633 Ἀπολλόδωρος
1079 546 1117 613 δὲ
1141 543 1160 611 δ
1184 555 1245 612 Ko-

185 645 342 726 poiog¹⁰t
378 640 506 724 πρῶτος
537 639 594 701 τοῦ
619 636 767 721 κριτικοῦ
795 631 992 721 εἰσηγήσατο
1018 627 1167 713 τοίλνομα
1194 632 1246 698 καὶ

186 725 411 813 γραμματικὸς
443 720 706 808 προσηγορεύθη.
751 715 834 783 ἔνιοι
872 717 909 783 δὲ
939 713 1161 804 Ἐρατοσθένη
1194 719 1245 783 τδν

185 807 369 898 Κορηναῖόν
412 828 497 885 ασιν,
513 804 633 891 ἐπειδη
650 804 806 884 ἐξέδωκεν
824 796 921 880 οὗτος
937 798 1055 886 βιβλία
1072 801 1133 866 δύο
1146 826 1245 888 γραμ-

184 888 587 979 ματικά11)εντιγράψας.
622 886 804 974 ὠνομάσθη
829 887 866 953 δὲ
890 886 1118 972 γραμματικὸς
1133 884 1179 964 ὥς
1197 889 1244 952 νῦν

185 976 386 1061 ὀνομάζομεν
409 977 542 1059 πρῶτος
563 971 780 1060 Πραξιφάνης
802 969 1073 1057 Αιονοσοφάνονς
1095 972 1242 1058 Μιτυλη-

184 1067 349 1143 ναῖοςῑῖμ
372 1064 422 1125 uhi
442 1082 500 1142 quo
522 1081 611 1122 sensu
631 1062 838 1140 grammaticus
859 1062 909 1140 qui
929 1079 1008 1121 nuno
1023 1059 1131 1120 dicitur
1152 1080 1243 1139 oppo-

185 1160 271 1212 natur
296 1149 485 1229 grammatico
513 1148 675 1208 secundum
702 1147 882 1224 antiquiores
905 1145 982 1206 dicto
1004 1152 1140 1222 apertum
1162 1147 1195 1205 fit
1213 1165 1242 1204 ex

186 1235 284 1297 Schol.
297 1235 375 1295 Artis
388 1233 515 1311 Dionysii
531 1251 576 1311 ap.
589 1233 678 1293 Bell.
693 1231 799 1291 Aneod.
816 1230 850 1302 ΙΙ,
866 1250 894 1308 p.
912 1230 973 1289 729
990 1225 1085 1312 διττη
1104 1223 1145 1290 δέ
1160 1224 1242 1291 ἐστιν

185 1469 213 1518 L.
231 1485 263 1519 ex
281 1471 327 1518 hoc
343 1477 493 1520 testamenta
510 1471 609 1519 illorum
622 1469 800 1534 depromserit,
818 1484 843 1518 v.
857 1467 887 1527 V,
901 1467 933 1515 64
946 1482 967 1515 c.
981 1474 1033 1515 not.
1049 1466 1175 1529 Meuagii3
1189 1468 1240 1517 coll.

184 1536 216 1599 V,
229 1537 275 1597 703
292 1537 338 1597 74;
352 1536 393 1599 Vl,
412 1538 459 1586 163
471 1555 508 1602 sq.
522 1545 547 1586 et
560 1537 655 1587 Ritschl
669 1536 732 1586 Mus.
746 1537 825 1586 llhen.
838 1535 927 1584 Philol.
939 1550 961 1583 a.
978 1533 1040 1582 1841
1056 1550 1079 1599 p.
1095 1534 1240 1583 raa-200.

183 1603 278 1652 Deinde
296 1604 405 1654 scholam
424 1607 598 1653 sustinuerunt
617 1604 751 1664 Critolaus,
766 1604 807 1667 qui
824 1618 879 1653 cum
892 1602 1019 1651 Carneade
1033 1609 1060 1650 et
1073 1601 1186 1664 Diogene
1198 1602 1241 1651 Do-

184 1686 248 1720 mam
260 1671 351 1719 missus
364 1679 411 1734 est,
425 1680 451 1720 et
463 1672 587 1720 Diodorus
601 1671 661 1728 (Cic.
674 1673 703 1720 de
718 1672 757 1720 lin.
770 1671 802 1733 V,
816 1672 844 1729 53
858 1670 935 1720 Clem.
946 1669 1021 1719 Alex.
1033 1669 1126 1718 Stroru.
1137 1669 1155 1734 l,
1165 1687 1188 1735 p.
1198 1670 1240 1718 353

185 1737 277 1797 Potui,
297 1739 335 1785 cui
347 1731 370 1786 'si
388 1739 563 1800 subiungamus
576 1738 732 1803 Cratippum,
746 1738 860 1787 Ciceroni
873 1738 1048 1787 amicissimum
1061 1744 1088 1786 et
1100 1739 1241 1800 magistrum

184 1803 219 1853 Μ.
233 1804 361 1853 Ciceronis
375 1804 420 1853 filii
433 1806 511 1866 (Brut.
525 1806 570 1867 71,
583 1805 645 1865 250;
660 1808 683 1854 d.
698 1806 745 1856 Off.
759 1804 783 1867 l,
798 1806 825 1864 l,
841 1806 867 1864 13
881 1807 920 1855 ad.
934 1805 1001 1853 Fam.
1017 1805 1056 1866 12,
1073 1803 1112 1862 16,
1126 1806 1160 1868 2),
1172 1814 1240 1868 atque

184 1872 247 1920 alios
265 1872 326 1920 duos
344 1875 466 1932 incertos,
485 1873 600 1921 idoneum
617 1874 697 1922 locum
715 1874 880 1921 nanciscimur
896 1873 1040 1926 Andronico
1053 1870 1163 1934 Rhodio,
1181 1887 1240 1921 nova

184 1939 331 1988 recensione
344 1956 447 2005 operum
459 1941 607 1989 Aristotelis
620 1949 646 1990 et
658 1940 826 2006 Theophrasti
838 1941 992 1999 clarissimo,
1005 1955 1077 2004 quem
1091 1941 1241 1990 undecimum

183 2007 213 2055 ab
227 2007 365 2057 Aristotele
379 2023 551 2058 successorem
564 2005 642 2057 fuisse
654 2016 782 2059 testantur
791 2009 890 2056 Scholia
904 2009 927 2056 in
939 2008 1116 2057 Aristotelem:
1131 2003 1241 2075 Ἀνδρό-

182 2089 259 2131 νικος
272 2070 286 2124 ὁ
298 2070 405 2130 Ῥόδιος
416 2072 431 2124 ὁ
445 2070 595 2142 λεγόμενος
606 2074 753 2131 ἑνδέκατος
762 2070 899 2141 διάδοχος
908 2076 955 2139 τῆς
965 2072 1172 2142 Ἀριστοτέλους
1183 2074 1241 2124 δια-

182 2142 418 2273 1111211111
422 2144 794 2261 hfittldtttttthtit
805 2143 864 2275 ii}
880 2140 1240 2277 ‘ht‘t'tttat‘·,tt¹tttt⁸

182 2276 226 2324 tim
249 2276 347 2325 scholas
369 2277 522 2341 hahuerunt,
545 2294 648 2343 quorum
666 2279 765 2328 uomina
781 2249 873 2328 cetiris
890 2280 1037 2343 interposita
1056 2285 1122 2329 suut.
1152 2279 1240 2327 Horum

181 2343 351 2409 Πραξιτέλης
367 2360 398 2393 ex
416 2346 561 2410 compendio
582 2348 685 2396 nominis
705 2347 867 2411 Praxiphauis
890 2347 962 2396 lictus
978 2348 1088 2407 videtur,
1106 2347 1155 2395 uisi
1177 2348 1239 2395 dicas

183 2409 339 2460 scribendum
352 2427 409 2461 esse
422 2414 576 2478 Πασικλῆς,
594 2416 635 2479 qui
652 2422 708 2464 erat
725 2415 826 2464 auditor
837 2414 984 2463 Aristotelis
998 2421 1024 2463 et
1036 2413 1143 2463 Eudemi
1158 2429 1238 2480 nepos,

183 2479 214 2526 ad
227 2494 299 2542 quem
313 2482 425 2530 nonnulli
437 2483 544 2531 alterum
557 2482 785 2548 Metaphysicorum
798 2482 888 2546 librum
902 2484 937 2543 (a)
952 2479 1105 2544 referebant,
1119 2498 1144 2531 v.
1160 2482 1237 2532 Schol.

182 2544 290 2596 Aristot.
307 2564 331 2612 p.
345 2548 391 2597 521
411 2556 438 2598 et
455 2549 503 2599 589
517 2550 631 2599 Brandis
657 2548 703 2612 [Cf.
715 2549 821 2598 llrische
834 2550 873 2598 die
886 2549 1074 2610 theologischen
1086 2549 1186 2599 Lehren
1200 2551 1238 2598 der

180 2614 352 2676 griechischen
371 2616 473 2665 Denler
490 2633 529 2682 pg.
548 2616 615 2678 268.)
644 2617 766 2683 Lyciscus
782 2614 860 2666 luerit
878 2632 954 2681 nepos
972 2616 1096 2682 Lyconis,
1115 2618 1237 2667 Aristonis

180 2683 292 2745 aequalis
311 2683 395 2744 (Diog.
414 2684 442 2731 L.
461 2684 496 2745 V,
515 2685 575 2745 10),
594 2685 764 2749 Praxiphaues
778 2685 905 2733 Stratonis
917 2685 1029 2748 aequalis
1043 2692 1100 2733 erat
1112 2685 1237 2750 locumque

181 2762 252 2795 suurn
269 2749 293 2795 in
311 2764 418 2797 recensu
430 2750 473 2797 illo
487 2751 591 2813 primum
605 2752 675 2800 iuxta
688 2752 752 2799 hunc
765 2751 880 2800 hahuisse
893 2753 1001 2812 videtur,
1014 2751 1056 2801 ubi
1071 2768 1136 2801 nunc
1150 2753 1239 2815 legitur

128 2814 133 2821 ‘
180 2813 321 2874 ambiguum
340 2815 400 2863 illud
419 2831 505 2864 nomeu
523 2817 668 2867 Praxitelis.
694 2818 860 2883 Hieronymus
877 2819 1030 2884 temporibus
1043 2819 1156 2885 Lyconis
1169 2822 1237 2870 scho-

180 2881 228 2929 lam
242 2878 328 2929 habuit
340 2882 445 2930 Athenis
459 2883 539 2944 (Diog.
553 2883 581 2933 L.
594 2884 637 2945 lV,
651 2885 696 2945 423
710 2885 741 2946 V,
751 2885 798 2946 aa,
811 2886 862 2935 Cic.
879 2889 909 2936 de
920 2888 962 2936 lin.
974 2886 1004 2947 V,
1015 2889 1047 2948 5).
1067 2886 1237 2937 Phormionem

179 2946 377 3010 Peripateticum
393 2963 476 2998 coram
490 2950 627 3000 Hannibale
644 2953 727 3017 inepte
741 2955 771 3003 de
784 2955 849 3003 omni
862 2971 889 3004 re
902 2955 1003 3003 militari
1016 2955 1172 3005 declamasse
1185 2971 1238 3004 aar·

180 3013 313 3062 ratCio.de
321 3013 400 3074 Onll,
408 3015 446 3074 18,
454 3017 494 3065 75.
513 3017 557 3078 [De
568 3018 703 3084 Prytanide
714 3019 745 3070 ef.
757 3021 871 3071 Meiuelse
877 3023 999 3072 Analecta
1005 3023 1080 3072 Alex.
1090 3037 1115 3087 p.
1123 3024 1158 3086 6.]
1172 3024 1236 3072 Adde

180 3080 360 3144 Calliphontem
374 3090 400 3131 et
409 3083 591 3144 Dinomachum,
602 3103 704 3152 quorum
716 3090 827 3138 meminit
836 3088 886 3138 Cic.
898 3091 928 3138 de
938 3091 981 3140 lin.
993 3090 1023 3152 V,
1031 3089 1055 3150 8,
1067 3086 1099 3139 cl.
1111 3091 1235 3141 Onomast

179 3147 290 3196 Tulliae.
303 3151 341 3198 ed.
355 3149 386 3198 ah
400 3150 496 3200 Orellio
508 3158 533 3201 et
544 3154 642 3203 Baitero
653 3155 678 3205 P.
691 3155 719 3216 ll,
730 3173 752 3221 p,
766 3156 814 3205 118
825 3172 869 3221 sq,
880 3158 985 3221 denique
995 3157 1159 3222 Drymussam,
1170 3160 1235 3207 culus

178 3216 290 3264 meminit
302 3217 445 3267 Athenaeus
459 3218 490 3282 V,
503 3237 526 3285 p.
540 3220 586 3269 211
599 3223 628 3271 E.
648 3223 683 3271 De
694 3225 807 3273 doctriua
818 3225 904 3273 horum
915 3224 1174 3289 Peripateticorumin
1186 3227 1236 3275 uni·

56 3311 70 3326 ,
177 3298 279 3332 versum
297 3285 433 3349 disputavit
446 3286 503 3336 Chr.
518 3287 640 3338 Peterson
654 3291 744 3340 Berlin.
764 3292 863 3340 Jahrbb.
878 3290 919 3340 liir
937 3291 1132 3343 wissenschaftl.
1145 3292 1233 3353 linitil,

176 3351 249 3415 April
264 3350 336 3412 1836,
350 3352 394 3402 Nr.
410 3354 448 3402 71.
481 3355 527 3416 [De
544 3355 671 3406 Demetrio
688 3359 856 3423 Peripatetico
873 3357 904 3408 ci.
927 3359 998 3421 Diog.
1012 3359 1040 3410 L.
1055 3360 1086 3421 V,
1106 3360 1139 3410 83
1153 3377 1174 3410 c.
1188 3366 1234 3410 not.

179 3419 288 3482 Menagii
298 3427 324 3469 et
336 3420 504 3472 Philodemum
517 3423 582 3490 περὶ
594 3442 694 3490 ποιημ.
709 3426 755 3474 σολ.
769 3425 824 3488 ΧΙ).

247 3487 286 3547 10)
309 3488 381 3553 Apud
402 3490 536 3555 plerosque
556 3499 662 3541 vocatur
682 3488 865 3560 Αὐτόδωρος,
888 3510 912 3543 v.
931 3496 1101 3560 Quaestiones
1121 3512 1189 3546 meas
1206 3498 1233 3545 de

176 3553 264 3602 histor.
283 3553 391 3606 Gramm.
410 3558 469 3622 Byz.
488 3559 511 3606 in
526 3574 636 3622 prooem.
652 3558 704 3608 lud.
718 3561 800 3610 Schol.
818 3562 922 3626 Dorpat.
936 3563 1003 3612 Sem.
1017 3561 1027 3612 l
1040 3578 1063 3612 a.
1081 3563 1154 3624 1840,
1168 3580 1191 3628 p.
1204 3562 1233 3612 24

176 3626 226 3669 not.
251 3621 322 3671 Sicut
338 3624 409 3672 huius
428 3641 514 3673 nomeu
528 3629 631 3675 lluotuat
643 3628 711 3676 iuter
722 3623 909 3695 Αὐτόδωρος,
924 3627 1097 3699 Ἀντόδωρος
1110 3639 1136 3681 et
1150 3628 1233 3683 Ἀντί·

176 3683 274 3756 δωρος,
287 3689 321 3738 ita
334 3691 408 3739 etiam
421 3691 543 3740 Autodori
555 3694 681 3757 Epicurei,
695 3697 765 3745 cuius
778 3697 889 3745 meminit
901 3697 973 3759 Diog.
986 3697 1015 3746 L.
1031 3698 1060 3761 V,
1075 3698 1123 3758 923
1136 3699 1170 3760 X,
1184 3699 1207 3748 8.

246 3755 286 3814 11)
307 3753 344 3804 Cf.
359 3758 504 3824 Bernhardy
517 3760 645 3809 Eratosth.
661 3777 683 3825 p.
696 3762 731 3811 X.

245 3820 284 3882 12)
305 3822 423 3884 [Meierus
436 3827 665 3886 commentat.Vl,2
676 3830 706 3877 de
719 3831 853 3880 Andocidis
866 3847 928 3895 quae
939 3832 1014 3893 vulgo
1026 3828 1110 3881 fertur
1120 3834 1232 3882 oratione

175 3893 263 3967 contra
279 3887 430 3940 Alcibiadem
447 3908 486 3956 pg.
500 3892 555 3942 Vlll
574 3895 673 3944 scribit:
691 3900 819 3963 Κυμαῖος
837 3899 947 3964 πρῶτος
965 3900 1022 3961 [τοῦ
1035 3899 1232 3968 γραμματικοῦ

173 3953 244 4032 cipri]
261 3955 310 4034 τοῦ
326 3959 452 4036 κριτγκοῦ
469 3956 630 4024 εἰςηγήσατο
646 3988 680 3998 -
694 3965 786 4027 βιβλία
799 3961 859 4027 δύο,
872 3964 1054 4034 γραμματικά
1069 3963 1231 4035 ἐπιγράψας

171 4021 351 4087 [ωνομασθαι
364 4020 451 4079 οὕτως
462 4026 594 4092 πρῶτον.)
609 4023 765 4094 ὠνομάσθη
777 4049 802 4081 κ.
815 4049 837 4082 τ.
851 4033 884 4095 λ.)
