2558 4530
440 361 556 412 Lesbio
574 363 739 413 historico.
1082 365 1115 413 4⁷

58 545 115 606 que
131 527 184 589 Coi
199 526 362 605 originibus
377 527 530 606 proditum
544 534 615 601 erat,
630 527 796 589 adiunxeris
811 545 884 607 quae
895 529 931 590 de
941 529 988 590 bis
999 537 1116 591 exstant

59 631 107 692 ap.
124 612 192 673 Scb.
207 612 292 674 Pind.
308 613 353 673 01.
370 613 429 687 Vll,
447 613 506 674 135
522 620 551 674 et
565 613 667 691 Steph.
682 614 714 674 Β.
730 632 756 674 v.
771 604 895 696 Καρία.
926 614 982 675 Sed
997 617 1114 676 alteram

59 698 164 759 deinde
179 698 326 760 coloniam
341 697 455 760 Lesbos
471 698 582 777 accepit
596 705 666 777 post
681 698 801 771 Troica,
822 698 872 759 ubi
892 698 1015 761 ducibus
1030 701 1116 761 Tisa-

57 801 157 858 meno,
171 782 317 855 Pentbilo‚
332 783 395 845 aliis
410 784 512 845 Aeolcs
527 784 657 863 primum
671 783 748 844 illam
764 785 906 856 insulam,
922 785 1026 846 deinde
1040 791 1116 845 Aeo·

56 868 146 929 lidem
162 887 235 948 quae
249 868 318 929 inde
327 869 533 931 nominabatur
548 869 697 949 petebant3
713 869 748 930 de
763 888 821 949 qua
832 888 864 930 re
876 869 1043 931 Hellanicus
1054 870 1117 931 lau-

58 953 146 1014 datur
165 972 211 1054 ap.
233 954 301 1015 Scb.
320 953 403 1015 Pind.
418 955 501 1016 Nem.
517 954 570 1028 lll,
589 953 631 1016 43
657 949 736 1038 περὶ
760 949 797 1016 δὲ
816 956 876 1037 τῆς
895 947 1048 1034 Ὀρέστου
1071 945 1119 1029 εἰς

57 1030 695 1206 111.’ἕ.111.1”11111111111
715 1031 1039 1207 btl'trltltlt
1057 1036 1118 1208 Β.

59 1199 222 1282 ἀποικίας
243 1202 382 1290 Λέσβου
405 1202 490 1271 'Ele
520 1203 539 1273 ὁ
559 1203 715 1290 Λέσβιος
737 1201 862 1293 ἱστορεῖ
881 1203 915 1271 ἐν
938 1203 968 1270 α’
990 1201 1116 1271 Αἰολι-

57 1289 131 1370 κῶν,
155 1294 232 1355 unde
255 1302 334 1373 patet
354 1295 469 1356 Aeolica
491 1302 521 1356 et
545 1295 668 1356 Lesbica
689 1296 792 1356 eodem
813 1295 960 1355 volumine
983 1296 1116 1373 exposita

56 1378 160 1440 fuisse.
194 1379 299 1441 Mirum
322 1380 402 1458 quod
425 1380 564 1441 narrabat
583 1380 719 1441 Orestem
739 1380 836 1458 ipsum
857 1380 1025 1457 pervenisse
1043 1381 1116 1440 Les-

58 1463 141 1536 bum,
161 1471 370 1542 contraquam
394 1464 515 1526 tradunt
535 1464 692 1539 ceteri50),
712 1482 740 1524 ν.
761 1482 806 1542 ap.
823 1463 873 1523 Tz.
888 1463 906 1523 l.
923 1482 947 1524 c.
966 1455 1118 1546 Ὀρέστης

31 1586 33 1590 ⁷
59 1541 201 1622 σονοίξας
223 1541 260 1609 ἐκ
283 1541 454 1632 διαφόρων
476 1543 584 1610 ἐθνῶν
601 1544 699 1621 leode
720 1582 762 1592 -
783 1535 888 1630 ἦλθεν
910 1541 957 1622 εἷς
979 1543 1118 1627 Λέσβον

59 1626 120 1694 καί
143 1623 241 1706 αὐτὸς
261 1627 320 1712 μὲν
333 1629 414 1709 ταχὺ
437 1624 621 1695 οἷσοθανῶν
635 1627 736 1694 πόλιν
756 1624 871 1695 κτίσαι
894 1625 952 1695 οὐκ
967 1624 1115 1717 ἠδυνήθη

58 1713 138 1792 κτλ,
161 1717 211 1778 ubi
227 1717 315 1779 babes
331 1718 408 1779 idern
423 1718 491 1781 illud
507 1718 636 1780 studium
651 1737 698 1780 res
715 1737 801 1797 quam
813 1718 1032 1797 antiquissimas
1047 1719 1116 1780 red-

59 1802 147 1864 dendi
162 1803 371 1883 vetustatisque
386 1804 519 1866 heroicae
534 1805 660 1883 speciem
677 1803 765 1864 etiarn
781 1804 825 1877 iis,
840 1823 914 1883 quae
926 1805 982 1865 iarn
994 1805 1058 1883 ipsa
1070 1803 1116 1864 hi-

58 1887 148 1948 storia
163 1887 220 1949 sibi
235 1887 380 1950 vindicare
393 1897 518 1968 poterat,
534 1889 710 1951 allundendi.
739 1891 891 1950 Praeterea
906 1889 1026 1950 Lesbica
1042 1888 1116 1950 libro

59 1971 155 2051 primo
172 1973 299 2036 citantur
312 1994 357 2054 ap.
375 1975 476 2054 Steph.
492 1975 525 2035 Β.
541 1995 567 2036 v.
584 1968 759 2049 Μαλλόεις
774 1974 944 2036 denomino
960 1974 1015 2034 loci
1030 1974 1117 2052 Myti-

58 2057 131 2119 lenis
146 2057 243 2131 vicini,
259 2060 403 2139 Apollinis
419 2060 558 2138 religione
573 2061 679 2140 inclyti,
695 2066 725 2121 et
739 2078 785 2140 ap.
802 2060 927 2121 cundem
942 2078 968 2120 r.
990 2053 1117 2141 Τραγα-

59 2160 126 2220 σαι,
142 2143 219 2222 quod
237 2145 380 2224 oppidum
395 2145 425 2206 in
441 2142 614 2222 Troade51)
630 2147 720 2207 situm
736 2152 811 2217 crat,
835 2145 935 2207 salinis
955 2145 1115 2215 famosum,

58 2247 129 2307 quas
141 2229 270 2307 Tragaso
283 2230 437 2309 Neptunus
453 2249 643 2310 comparasse
656 2231 833 2303 tradebatur,
849 2230 932 2292 cuius
945 2230 1032 2290 filiam
1044 2229 1116 2291 Phi-

57 2312 218 2373 lonomiam
234 2314 349 2376 amabat
363 2316 472 2386 Tenus,
487 2336 513 2376 v.
530 2318 624 2395 Etym.
640 2317 678 2376 ll.
693 2336 720 2376 v.
741 2309 936 2416 Tpopo'ocov,
955 2315 1057 2375 Pollux
1071 2314 1116 2386 Vl,

59 2397 110 2470 63,
127 2397 162 2457 al.
178 2397 307 2458 Alterum
322 2399 430 2459 librum
440 2400 539 2461 laudat
553 2400 655 2476 Steph.
671 2400 702 2459 Β.
718 2419 746 2458 v.
761 2402 880 2480 Ναση,
901 2400 936 2458 de
956 2399 1065 2477 oppido
1087 2399 1116 2458 in

59 2500 131 2559 agro
151 2481 423 2560 Methymnaeam).
461 2483 505 2543 Ad
528 2483 666 2543 inferiora
687 2490 823 2561 tempora
842 2489 954 2560 spectat
974 2484 1051 2561 quod
1071 2502 1117 2560 ap.
1132 2510 1158 2549 ιο

58 2566 168 2627 Zenob.
185 2567 272 2627 Prov.
290 2568 320 2643 V,
338 2567 375 2627 61
393 2567 429 2628 de
449 2567 516 2628 fatis
532 2566 651 2628 Pitanae
666 2567 794 2628 Aeolidis
810 2566 971 2627 secundum
988 2567 1118 2628 llellani·

59 2670 127 2713 cum
147 2651 319 2726 adnotatur,
345 2645 428 2736 φησί
450 2648 511 2735 γαρ
535 2643 634 2735 αὐτὴν
655 2644 724 2713 ὑπὸ
744 2647 926 2732 Πελασγῶν
947 2643 1117 2736 ἀνδραπο-

59 2733 225 2820 δισθῆναι
247 2731 305 2798 καὶ
328 2731 431 2798 πάλιν
451 2731 519 2798 ὑπὸ
537 2729 743 2821 Ἐρυθραίων
764 2733 1042 2822 ἑλεσθερωθῆναι,
1065 2740 1115 2802 ubl

59 2822 135 2902 apud
151 2822 224 2884 alios
241 2830 374 2884 auctores
389 2823 485 2884 editur
496 2815 693 2905 Ἐρετριέων,
708 2843 734 2884 v.
750 2823 836 2885 Sturz
852 2842 881 2902 p.
898 2825 966 2885 115.
988 2825 1117 2926 [lenique

59 2907 96 2969 ad
111 2907 189 2968 idem
205 2927 281 2986 opus
295 2908 431 2969 retuleris
442 2908 611 2969 testimonia
623 2908 760 2970 Hellanici
773 2929 818 2989 ap.
832 2909 933 2988 Steph.
946 2910 977 2970 Β.
990 2930 1015 2970 v.
1031 2913 1115 2990 Γαρ-

59 2999 189 3138 γαρῗοιῑ
200 2988 346 3068 Μίταον,
362 3000 393 3054 et
406 2994 443 3055 de
453 3000 529 3055 Asso
546 2994 581 3055 ab
596 2994 732 3056 Aeolibus
746 2994 862 3057 condita
874 3014 920 3074 ap.
933 2995 1030 3056 Strab.
1040 2995 1114 3067 Xlll,

59 3096 88 3156 p.
170 3123 178 3138 .

496 3247 518 3281 c.
536 3230 673 3283 Persica.

144 3334 208 3395 lloc
227 3351 316 3412 opere
335 3333 391 3395 etsi
411 3333 590 3397 Graecorum
610 3335 735 3397 maxime
754 3335 865 3398 fabulas
886 3342 1003 3415 secutus
1022 3333 1118 3405 fuerit,

60 3427 161 3480 tamen
175 3437 247 3498 quae
257 3419 292 3480 de
303 3419 419 3498 regibus
431 3420 620 3499 Assyriorum
636 3422 828 3482 etPersarunr
839 3420 994 3480 traduntur
1005 3437 1039 3477 ex
1051 3418 1116 3496 ipso

60 3555 261 3562 -0-0-o--0——a

129 3619 171 3684 50)
184 3619 221 3670 Do
233 3636 261 3671 ro
278 3619 311 3672 cl.
325 3621 355 3672 0.
369 3621 478 3672 Mueller
487 3622 603 3674 Orcbom.
617 3637 640 3687 p.
649 3620 699 3670 477
713 3627 739 3672 ot
751 3621 828 3672 Plebn
841 3622 916 3672 Lesb.
929 3637 952 3688 p.
968 3620 1045 3686 dbsq.
1067 3620 1117 3672 Lo-

59 3687 147 3754 cupies
165 3689 196 3738 do
212 3690 299 3740 eadem
318 3690 417 3740 colonia
432 3692 506 3741 testis
522 3698 563 3742 est
576 3690 669 3739 Dcrnon
687 3690 717 3742 de
730 3707 801 3757 prov.
815 3689 932 3759 ἔσχατος
944 3689 1063 3753 Μυσῶν,
1076 3706 1115 3757 ap.

58 3757 119 3807 Scb.
131 3754 190 3808 Vat.
202 3757 264 3808 Eur.
275 3757 353 3808 llbos.
364 3773 389 3808 v.
402 3756 461 3807 248.

128 3824 171 3887 51)
185 3823 231 3888 [Cl.
244 3824 364 3875 bleinolrii
375 3825 489 3875 analecta
500 3825 673 3878 Alexandrina
685 3845 709 3895 p.
725 3825 791 3889 129]

128 3891 171 3954 52)
186 3890 232 3956 [Cf.
246 3893 362 3944 strabon.
372 3892 418 3956 lX,
431 3891 512 3958 prro
531 3887 626 3965 ῶσπερ
643 3897 689 3946 καὶ
700 3889 788 3959 Νίκη
801 3893 830 3946 ἰν
842 3895 881 3962 τῷ
895 3891 981 3948 Mart
1006 3912 1053 3958 νης
1064 3912 1117 3947 πε-

58 3958 123 4026 δίῳ,
143 3953 178 4025 ἢν
192 3955 351 4018 Ἑλλάνικος
370 3955 481 4028 ἀγνοῶν
502 3957 611 4027 Adnue
632 3959 770 4033 ὀνομάζει.
801 3962 909 4016 Videtur
920 3914 1011 4015 Strado
1024 3965 1117 4015 vitioso

58 4029 178 4094 exemplo
190 4029 341 4095 scriptorum
352 4028 475 4080 Hellanici
486 4045 547 4082 usus
560 4033 636 4094 osso]
