2558 4530
112 349 127 398 2
464 347 505 396 Dc
523 343 676 409 Aeschyli
695 342 813 393 Persis.

112 514 270 594 suscipere,
290 519 323 572 ut
341 517 443 572 nostra
461 511 609 590 tragoedia
629 518 768 589 tanquam
788 506 949 587 specimine
969 505 1077 567 illustri
1096 512 1166 576 utar,

112 618 170 680 quo
186 598 322 679 propriae
337 597 514 677 ejuscemodi
529 597 691 675 argumenti
706 595 834 655 rationes
855 593 934 654 cerni
953 590 1082 670 possint.
1114 589 1166 650 Sed

112 693 266 764 antequam
281 683 351 744 illud
365 683 460 744 faeere
476 682 638 760 aggrediar,
661 680 789 760 primum
812 679 848 739 de
863 677 945 738 omni
960 695 1076 750 eorum,
1097 694 1166 754 quae

113 770 212 831 Graeci
227 767 405 830 carminibus
424 767 565 828 faciendis
586 766 774 846 potissimum
801 764 884 843 sequi
910 762 1054 832 solebant,
1085 779 1166 839 argu-

111 863 278 917 mentorum
293 854 407 914 ratione
419 872 452 914 ea
463 853 563 932 paucis
575 851 698 931 praefari
708 850 827 930 juvabit,
840 849 945 928 quibus
957 847 995 921 id,
1007 846 1089 926 quod
1101 845 1166 906 mibi

108 941 168 1021 jam
183 939 396 1020 particulariter
425 939 460 999 de
481 958 513 999 ea
534 958 566 999 re
585 955 723 1016 quaerere
742 936 930 1016 propositum
950 940 1011 1006 est,
1033 930 1166 993 illustrari

112 1034 141 1088 et
154 1026 316 1089 accuratius
333 1024 447 1085 definiri
462 1032 556 1103 queat.

87 1453 100 1493 a
200 1435 303 1497 Omnis
319 1452 381 1496 non
396 1435 494 1496 solum
509 1434 624 1515 poesis,
647 1435 699 1496 sed
716 1442 825 1495 ceterae
840 1431 937 1505 etiarn,
957 1449 1033 1510 quae
1050 1450 1067 1492 a
1083 1429 1167 1492 Grae·

114 1521 155 1582 cis
168 1521 345 1594 colebantur,
357 1529 434 1582 artes
449 1522 488 1582 ita
504 1529 688 1599 comparatae
703 1526 794 1592 erant,
809 1525 842 1578 ut
857 1517 957 1577 intima
977 1516 1013 1576 iis
1035 1535 1104 1578 cum
1119 1533 1167 1577 an-

112 1606 200 1684 tiquis
215 1607 271 1666 illis
287 1606 404 1684 mythis,
423 1605 528 1684 quibus
549 1606 688 1685 quicquid
703 1604 840 1665 derebus
862 1601 966 1663 divinis
986 1610 1016 1662 et
1035 1601 1166 1663 humanis

102 1690 183 1751 -olim
199 1691 346 1769 sapienter
364 1691 502 1751 traditum
522 1698 584 1752 erat
599 1691 815 1761 continebatur,
830 1688 989 1749 necessitas
1005 1687 1167 1748 intercede

113 1782 167 1849 ret,
182 1782 211 1835 et
228 1794 261 1835 ea
283 1775 401 1854 quidem
421 1776 535 1855 duplex,
555 1782 619 1836 tum
638 1776 777 1837 historica
796 1784 859 1837 tum
880 1773 989 1834 idealis.
1019 1772 1092 1834 Nam
1109 1771 1166 1852 pri-

104 1861 196 1920 'mum
212 1867 240 1920 et
251 1860 411 1939 primordia
424 1880 476 1922 sua
488 1869 517 1922 et
526 1861 707 1922 incrementa
718 1861 785 1921 inde
797 1862 946 1933 duxerant,
957 1865 985 1919 et
995 1865 1060 1918 turn
1073 1859 1167 1927 etiam,

114 1945 163 2006 ubi
179 1945 225 2006 sui
240 1953 378 2025 tanquam
391 1947 465 2026 juris
481 1946 572 2007 factae
587 1954 676 2020 eraut,
692 1946 805 2018 iisdem,
822 1945 928 2024 quibus
945 1962 1045 2005 aevum
1063 1941 1168 2021 mythi-

115 2048 191 2104 cum,
210 2031 343 2091 terminis
362 2032 482 2092 materia
501 2051 602 2093 earum
622 2032 872 2106 continebatur3).
902 2030 998 2091 Altera
1017 2035 1112 2089 autem
1136 2045 1170 2086 ex

114 2123 197 2194 parte
212 2134 273 2176 nou
288 2117 378 2177 modo
401 2117 426 2177 si
443 2118 506 2196 quis
528 2117 647 2196 spiritus
665 2119 694 2178 in
709 2117 806 2190 rebus,
821 2117 864 2176 vel
879 2116 967 2176 decor
987 2113 1016 2174 in
1031 2111 1168 2191 personis

115 2207 144 2260 et
157 2201 257 2278 figuris
273 2201 454 2262 adhibendus
466 2210 535 2276 crat,
550 2202 728 2263 haecomnia
744 2221 777 2262 ex
790 2202 896 2281 mythis
910 2200 1092 2278 petebantur,
1107 2196 1168 2268 sed,

114 2291 148 2345 ut
161 2285 261 2363 paucis
274 2286 376 2359 dicam,
391 2294 530 2366 tanquam
541 2287 681 2348 idealibus
694 2305 805 2359 eorum,
823 2306 895 2365 quae
907 2283 1170 2363 effingendaerant,

88 2395 102 2434 4
114 2370 191 2449 typis
200 2378 228 2432 et
236 2370 457 2451 exemplaribus,
469 2373 635 2451 sanctisque
642 2372 816 2451 imaginibus
824 2372 859 2432 iis
870 2368 1072 2444 utebantur4).
1082 2368 1170 2428 Erant

115 2454 192 2516 enim
204 2456 266 2517 illae
277 2457 390 2519 fabulae
398 2466 426 2519 et
435 2459 572 2537 longaeva
580 2466 721 2520 vetustate
733 2464 856 2531 sanctae,
867 2463 896 2518 et
906 2455 1022 2535 publica
1033 2453 1169 2531 religione

113 2540 151 2601 ita
161 2542 379 2620 quodammodo
389 2551 521 2623 receptae
534 2551 563 2605 et
575 2545 708 2617 sancitae,
719 2550 752 2604 ut
762 2543 797 2604 iis
809 2550 947 2622 tanquam
959 2540 1046 2601 certis
1054 2539 1170 2600 formu-

113 2625 148 2684 lis
160 2634 189 2687 et
200 2627 339 2705 symbolis
353 2630 488 2706 quicquid
502 2630 536 2688 de
549 2629 603 2688 diis
617 2636 645 2688 ct
656 2630 692 2688 de
704 2628 837 2689 moribus
845 2643 1088 2705 unumquemque
1098 2622 1170 2686 scire

115 2710 158 2769 fas
174 2719 242 2784 crat,
257 2712 372 2788 publice
387 2714 559 2772 traderetur.
584 2714 678 2784 Quare
693 2714 755 2773 fieri
772 2712 894 2785 solebat,
910 2719 951 2783 ut,
968 2710 1096 2789 siquem
1108 2726 1171 2769 car-

116 2793 194 2854 mina
209 2812 336 2873 pangere
351 2797 466 2856 animus
480 2796 602 2872 ferebat,
622 2797 681 2857 sive
701 2797 730 2857 id
751 2799 786 2858 de
801 2798 890 2859 rebus
905 2797 1053 2876 praeclare
1074 2794 1171 2873 gestis,

115 2878 176 2938 sive
190 2879 225 2967 de
241 2879 295 2939 diis
312 2880 478 2941 moribusve
497 2881 594 2954 fuerit,
616 2884 692 2944 unde
711 2883 809 2961 potius
830 2901 891 2944 non
914 2880 1010 2942 solum
1031 2880 1171 2960 splendo-

115 2980 176 3023 rem
193 2965 357 3043 etcopiam‚
379 2966 535 3026 sedetiam
557 2967 723 3045 gravitatem
745 2968 987 3030 etauctoritatem
1014 2966 1170 3044 ingenuam

115 3048 172 3144 sibi
188 3068 358 3127 comparare
379 3060 489 3129 posset,
515 3053 636 3113 omnino
656 3072 717 3113 non
739 3054 859 3114 haberet
878 3053 934 3113 nisi
956 3072 990 3112 cx
1009 3050 1170 3112 illustribus

115 3133 169 3228 rllrs
186 3140 214 3193 et
227 3153 294 3194 vere
309 3135 417 3194 sanctis
433 3138 577 3214 personis,
595 3139 828 3215 cogitationibus,
848 3139 936 3199 rebus
960 3137 1087 3214 denique
1108 3153 1172 3195 om·

115 3216 201 3278 nibus
217 3219 362 3298 mythicis.
392 3221 429 3280 Et
443 3222 497 3282 hac
511 3221 573 3302 ipsa
588 3224 712 3284 maxime
728 3224 762 3285 dc
777 3244 808 3284 re
823 3222 1089 3304 praeclarissimum
1105 3218 1171 3281 illud

184 3433 207 3494 3)
222 3434 259 3483 lle
273 3433 379 3513 liqgendi
392 3445 447 3487 arte
461 3453 484 3487 v.
503 3438 595 3489 Miiller
611 3439 743 3490 Archaeol.
761 3440 784 3505 ς.
802 3441 859 3490 419.
882 3438 938 3488 346.
952 3437 1105 3488 winckelm.
1124 3435 1171 3498 llll.

116 3514 139 3565 p.
150 3498 257 3581 XXVll)
267 3518 360 3582 primus
369 3506 440 3568 vidit,
451 3506 638 3557 Heraclidarum
647 3509 818 3571 migrationem
830 3525 882 3558 cnm
894 3524 946 3556 rem
956 3522 1021 3570 esse,
1033 3521 1097 3570 quae
1108 3521 1173 3555 curn-

116 3582 172 3646 pum
185 3569 261 3632 ullum,
275 3579 340 3622 rutra
352 3589 423 3637 quern
436 3573 539 3625 fictores
552 3577 637 3638 graeci
650 3591 677 3624 sc
691 3577 859 3638 continebant,
877 3575 1006 3625 clauserit.
1032 3573 1101 3624 ldom
1113 3589 1172 3639 poc·

115 3642 149 3685 trs
160 3636 341 3717 obseruabatur
353 3641 481 3691 terminus.
504 3643 653 3709 Quamquam
663 3644 806 3709 Euripidem
820 3646 942 3694 exhausta
951 3642 1055 3706 jamiam
1069 3642 1173 3692 materia

116 3705 225 3782 npytluca
238 3705 294 3755 rllos
307 3708 370 3757 lines
383 3710 507 3758 excedere
520 3718 545 3760 et
558 3714 635 3776 primu
649 3712 806 3761 Doriensiurn
827 3713 851 3761 in
865 3712 1037 3778 Peloponneso
1060 3711 1174 3760 habitun-

118 3777 178 3820 trum
191 3769 241 3822 lata
254 3777 357 3836 aggredi
368 3777 490 3826 videmus.

185 3840 209 3918 fl)
229 3839 265 3890 Cf.
277 3843 366 3892 [lisscn
380 3845 410 3892 de
424 3846 545 3907 dignitate
556 3853 582 3894 et
591 3862 637 3895 usu
647 3845 793 3910 fabularum,
806 3851 835 3898 ad
847 3849 917 3898 Pind.
926 3847 944 3898 l.
956 3863 979 3913 p.
989 3845 1118 3898 XXXIV:
1132 3845 1174 3912 „lu

117 3906 208 3956 sabulis
221 3905 271 3987 lata
286 3917 389 3960 aeterna
406 3915 515 3974 gentium
529 3921 555 3963 et
567 3915 662 3964 urbium
680 3918 826 3981 conspicua3
843 3916 941 3966 fabulae
961 3923 1020 3967 sunt
1036 3915 1174 3968 divinorum

118 3982 144 4024 ct
155 3976 314 4026 humanarum
329 3994 409 4028 rerum
422 3981 588 4047 pulcherrima
601 3990 627 4032 ct
638 3985 795 4035 sanctissima
808 3987 917 4048 imago.“
