2558 4530
117 369 152 422 14
418 365 650 434 Quaestiones
669 363 706 417 de
724 363 873 418 historia

117 517 196 587 ἄντδ
218 520 285 606 τῆς
305 515 541 605 προσῳδίας
560 512 700 605 ἤρξατο
723 520 842 600 (quihus
859 519 928 580 dicit
942 518 1012 579 illud
1033 537 1178 597 compen-

87 632 99 670 ι
117 610 208 682 dium,
226 609 304 688 quod
320 615 400 687 patet
414 608 511 686 ipsum
527 616 612 667 ante
627 606 847 684 grammaticam
863 604 992 682 legisse),
1010 594 1084 664 ἀλλ’
1107 595 1179 666 circo

115 690 174 757 τοδ
197 687 275 775 δρον
297 691 356 776 τῆς
374 688 613 772 γραμματικῆς.
644 686 686 750 τοί
709 684 747 751 δὲ
761 686 841 768 περί
855 680 1050 771 προσῳδίας
1066 683 1179 768 ἕτερός

114 800 176 856 τις,
197 772 315 840 τούτου
337 772 608 856 μεταγενέστερος
636 774 735 852 (addit
753 793 853 852 margo
874 775 938 834 cod.
960 774 1053 834 Paris.
1075 773 1177 835 2542:

114 860 173 927 τόν
204 855 419 942 Ἀλεξανδρέα
450 852 630 921 αἰνίττεται
668 853 863 933 Θεοδόσιον,
898 879 924 918 r.
949 859 1039 953 lleklr.
1067 859 1176 920 Aneed.

114 969 145 1029 p.
163 945 274 1025 1141),
295 942 364 1007 διὰ
390 941 481 1019 τούς
508 936 598 1026 ίίρτι
619 944 687 1026 τῆς
710 962 987 1026 γραμματικης
1009 936 1178 1022 ἀρχομέ-

115 1053 204 1107 νους
218 1023 403 1113 ἀναγκαίως
417 1022 559 1104 ἐδίδαξε.
596 1030 701 1090 Ferme
716 1029 817 1089 eadem
832 1029 968 1106 leguntur
982 1030 1060 1107 apud
1077 1029 1178 1089 Theo-

115 1119 234 1180 dosium
254 1117 304 1197 qui
320 1116 426 1176 dicitur
441 1134 478 1175 rr.
494 1110 692 1197 προσῳδιῶν
713 1132 742 1192 p.
759 1113 820 1174 303
837 1114 952 1175 Osann:
976 1105 1086 1174 ίστὲον
1104 1107 1178 1175 τοί-

114 1223 169 1263 νυν
196 1194 241 1275 ὥς
269 1191 287 1261 ὁ
312 1195 404 1283 Θρᾲξ
424 1193 604 1272 Διονύσιος
633 1191 752 1278 sinapi
774 1195 839 1259 τῶν
861 1190 946 1260 ὀκτώ
968 1195 1052 1274 aab,
1081 1188 1177 1272 ίίλλος

117 1281 155 1348 δέ
178 1306 232 1359 τις
252 1279 532 1364 μεταγενέστερος,
559 1278 742 1357 Θεοδόσιος
762 1274 919 1362 τοίίνομα,
942 1278 1001 1344 τόν
1023 1274 1177 1358 Ἀλεξαν-

117 1364 198 1451 δρέα
219 1361 317 1454 φημί,
340 1364 418 1443 τούς
438 1388 474 1430 τε
497 1361 698 1447 δνομαστοδς
720 1369 749 1445 (l.
767 1358 1014 1447 ὀνομαστικοδς)
1037 1363 1178 1441 κανόνας

116 1449 173 1516 καί
201 1451 276 1529 τοδς
303 1449 505 1538 ῥηματικοός
527 1458 620 1533 (quos
640 1454 731 1514 edidit
749 1454 838 1514 Belrk.
859 1454 967 1513 dnecd.
988 1472 1017 1531 p.
1039 1453 1102 1512 975
1122 1473 1176 1556 sip,

116 1559 191 1619 quos
211 1540 422 1601 commentario
442 1540 621 1599 instruxerat
640 1538 881 1611 Choeroboscusl
903 1531 1113 1619 ἐτεχνήσατο·
1141 1531 1177 1600 όν

116 1620 157 1706 δή
184 1619 242 1685 καί
268 1621 333 1684 τῶν
360 1619 560 1707 προσῳδιῶν
581 1618 668 1697 τινὲς
689 1621 880 1706 παριστῶσι
902 1616 1093 1706 συγγραφέα
1117 1620 1177 1686 διὰ

115 1704 154 1770 τὸ
177 1700 318 1791 ἀσαφῶς
345 1703 424 1791 περί
448 1702 552 1770 τόνων
574 1703 748 1769 διδάσκειν
768 1704 825 1768 τόν
847 1702 1034 1770 Διονύσιον.
1080 1699 1177 1772 ditor

116 1786 154 1854 δὲ
176 1787 234 1852 καί
255 1790 352 1854 τοῦτο
373 1789 432 1853 τοῦ
451 1786 743 1872 θεοίογικωτοίτον
767 1793 798 1851 Γ
797 1785 932 1871 εωργίοο
955 1793 1032 1869 (cod.
1048 1795 1078 1852 Γ
1078 1813 1176 1877 ρηγο-

115 1869 196 1957 ρίοο,
212 1896 239 1936 v.
256 1877 412 1956 Goettling.
427 1878 517 1956 praef.
535 1879 685 1944 Theodos.
701 1896 767 1955 pag.
783 1876 859 1951 Xlll)
872 1871 1021 1956 λέγουσιν
1035 1864 1123 1939 εἶναι
1137 1876 1175 1940 τό

114 1955 258 2045 πόνημα.
289 1963 384 2035 Quam
400 1963 610 2023 dubitationem
626 1962 760 2039 equidem
777 1980 811 2021 eo
824 1963 1016 2022 revocandam
1029 1964 1174 2036 existimo,

114 2053 148 2108 ut
161 2046 255 2109 forma
271 2047 438 2126 compendii
452 2047 604 2107 tribuenda
620 2047 659 2106 sit
670 2046 850 2119 Theodosio,
863 2047 946 2107 locus
959 2048 1175 2110 Choerobosco.

113 2131 187 2193 Nam
203 2132 329 2209 plurima
344 2150 413 2209 pars
430 2130 596 2209 compendii
611 2131 757 2191 invenitur
771 2131 856 2191 etiam
873 2133 949 2210 apud
965 2133 1122 2193 Arcadium
1139 2136 1175 2195 de

114 2216 281 2275 accentibus
297 2234 361 2294 pag.
381 2216 450 2288 191,
467 2218 485 2276 5
502 2216 548 2275 ed.
563 2215 693 2288 Barler,
704 2216 818 2276 Arcadii
830 2235 898 2276 vero
910 2217 991 2288 liber,
1002 2236 1088 2295 quem
1102 2237 1174 2279 con-

114 2306 173 2360 stat
187 2299 258 2360 nihil
272 2300 346 2361 aliud
363 2320 429 2362 esse
441 2319 527 2379 quam
540 2300 690 2378 epitomen
703 2302 868 2373 Herodiani,
881 2302 967 2379 longe
979 2303 1099 2363 meliore
1111 2305 1175 2377 fide,
1232 2298 1235 2306 ’

115 2384 194 2462 quod
215 2385 462 2446 demonstrabitur
482 2385 571 2458 infra,
592 2385 626 2444 ad
644 2386 844 2447 Theodosium
862 2387 999 2447 refertur:
1021 2396 1054 2447 ut
1069 2407 1104 2448 ex
1119 2390 1176 2451 hoo

115 2469 276 2530 Theodosii
284 2469 358 2530 libro
371 2469 613 2531 Choerobosoum
624 2472 832 2551 compendium
844 2472 912 2532 illud
924 2472 1079 2532 rescidisse
1089 2481 1177 2553 atque

114 2561 181 2615 ante
195 2554 368 2633 Dionysium
384 2554 542 2614 collocasse
558 2558 708 2634 putem4).
739 2557 781 2616 ad
798 2557 996 2616 definitionem
1013 2576 1080 2617 vero
1097 2559 1175 2620 illam

114 2656 193 2698 ame
215 2658 384 2717 expressam
406 2640 483 2719 quod
500 2640 613 2713 attinet,
633 2640 740 2700 desunt
754 2641 937 2710 testimonia,
958 2641 1009 2701 sed
1025 2642 1174 2721 antiquam

88 2741 181 2783 aesse
200 2725 295 2799 arguit
314 2724 410 2796 locus,
431 2742 489 2802 quo
509 2724 614 2802 legitur
633 2724 665 2784 in
685 2725 850 2797 codicibus,
873 2726 949 2786 inter
965 2729 1175 2804 compendium

115 2806 276 2867 Theodosii
292 2816 321 2869 et
335 2809 554 2886 grammaticam
570 2808 710 2886 Dionysii.
744 2811 864 2871 Accedit
878 2811 971 2889 quod,
988 2810 1073 2872 sicuti
1090 2832 1174 2873 com-

114 2891 256 2971 pendium
274 2892 346 2953 illud
365 2894 557 2953 fundamento
578 2901 640 2953 erat
660 2893 908 2972 disputationibus
924 2897 1123 2975 posteriorum
1141 2898 1175 2959 de

115 2975 295 3049 accentibus,
314 2977 352 3038 ita
368 2979 439 3038 haec
453 2977 579 3037 formula
595 2977 699 3038 iisdem
715 2980 911 3056 grammaticis
927 2999 1027 3042 ansam
1044 2982 1126 3044 dedit
1140 2983 1174 3044 de

114 3060 237 3121 notione
252 3056 343 3142 (περὶ
367 3054 454 3142 ὅρον)
472 3063 677 3137 grammaticae
692 3065 816 3125 multum
833 3065 1017 3143 disputandi,
1040 3086 1113 3145 quae
1129 3068 1175 3128 di-

116 3146 298 3224 sputationes
325 3147 415 3205 modo
442 3146 611 3206 Theodosio
638 3149 727 3209 modo
755 3151 964 3212 Choerobosco
994 3151 1173 3225 tribuuntur,

181 3315 206 3378 4)
226 3314 350 3363 Pinderus
367 3314 391 3360 in
405 3313 488 3362 Addit.
505 3316 535 3364 ad
554 3315 661 3366 Schoell.
674 3317 731 3367 Vol.
749 3317 789 3378 lll,
801 3335 824 3383 p.
838 3318 887 3367 605
906 3327 992 3369 narrat
1008 3321 1038 3370 de
1055 3323 1173 3371 versione

113 3379 262 3431 Armeniaca
284 3381 413 3446 Dionysii,
431 3382 525 3430 saeculi
543 3382 577 3432 lV
594 3385 636 3434 vel
652 3385 683 3447 V,
701 3387 821 3451 plenioris
840 3402 911 3451 quam
930 3389 953 3436 in
971 3395 1044 3438 textu
1061 3389 1174 3452 vulgato.

114 3446 227 3514 Quinque
237 3449 393 3499 sectionibus
403 3464 456 3498 eam
466 3450 513 3499 hoc
522 3452 637 3502 ditiorem
648 3469 714 3516 esse,
728 3455 816 3519 quibus
826 3462 916 3516 agutur
929 3457 958 3504 de
971 3458 1088 3520 prosodia
1100 3465 1173 3523 atque

114 3518 268 3576 accentibus,
282 3517 313 3565 de
326 3517 428 3582 pedibus
442 3517 572 3582 versuum,
585 3523 615 3572 de
629 3523 814 3584 coniugatione,
828 3522 858 3570 de
871 3524 984 3572 terminis
998 3526 1172 3586 grammaticis,

116 3582 146 3631 de
164 3582 343 3645 declinatione3
362 3601 453 3652 easque
470 3587 501 3636 ab
518 3589 698 3654 interpretibus
715 3590 870 3639 Armeniacis
886 3592 916 3639 ad
935 3592 1014 3656 ipsum
1027 3593 1173 3658 Dionysium

115 3647 207 3701 referri
220 3652 308 3701 videri.
332 3654 416 3703 Edidit
433 3669 486 3702 eam
499 3654 605 3715 Girbied,
620 3654 695 3706 Mem.
709 3665 734 3707 et
751 3659 812 3706 diss.
826 3673 870 3705 sur
886 3659 923 3707 les
941 3659 1078 3725 antiquitds
1093 3663 1173 3710 natio-

115 3717 187 3766 nales
205 3725 232 3765 et
248 3715 395 3783 dtrangbrcs
414 3721 480 3786 publ.
503 3737 549 3785 par
565 3724 589 3773 la
606 3721 702 3774 socidtd
722 3741 777 3791 roy.
791 3726 835 3774 des
853 3727 1007 3791 antiquaircs,
1023 3729 1053 3777 de
1067 3728 1172 3787 Franco,

116 3782 146 3835 T.
155 3783 197 3847 Vl,
206 3783 287 3834 Paris.
303 3788 375 3838 1824.
389 3789 412 3838 8.
426 3805 448 3853 p.
464 3789 554 3851 1-93,
565 3807 619 3840 cum
632 3793 841 3857 interpretatione
851 3791 1037 3857 francogallica,
1051 3812 1098 3859 quo
1109 3797 1173 3845 libro

115 3867 163 3901 non
181 3851 252 3900 licuit
269 3855 314 3902 uti.
339 3856 387 3905 Sed
400 3857 539 3905 verisimile
552 3861 677 3908 sectiones
691 3861 753 3910 istas
766 3861 826 3910 nibil
838 3861 904 3909 aliud
918 3877 974 3909 esse
991 3865 1039 3911 nisi
1056 3865 1173 3928 prolego-

115 3934 186 3969 mena
198 3919 288 3968 similia
300 3923 341 3971 vel
354 3924 516 3988 appendices,
533 3925 563 3974 ab
580 3925 741 3977 inferioribus
758 3929 926 3990 grammaticis
945 3930 968 3976 in
981 3946 1053 3979 usum
1067 3932 1175 3997 discipu·

116 3987 196 4037 lorum
208 3986 330 4052 Dionysio
343 3989 427 4040 altixa.
