2558 4530
123 354 157 404 40
537 345 577 396 ue
596 343 758 394 Hellanieo

124 522 181 581 les:
199 535 272 598 quae
288 516 396 578 cadunt
409 515 437 576 in
455 520 660 592 argumentum
675 510 857 590 Aethiopidis
867 511 927 587 ³2).
955 509 1096 589 Sequitur
1111 529 1180 591 quae

126 606 155 665 in
171 604 224 664 lliu
239 602 386 664 Persidem
403 600 504 661 incidit
518 599 645 661 narratio
662 597 780 674 defuga
794 596 916 668 Aeneae,
936 596 1019 657 cuius
1036 615 1180 659 summam

127 689 250 751 servavit
264 689 382 767 Dionys.
400 687 462 746 llal.
479 686 510 745 A.
526 686 560 745 R.
576 686 598 756 Ι,
614 703 638 744 c.
652 683 702 753 46,
718 683 759 743 47
775 702 803 761 p.
822 682 988 742 114-120
1004 681 1050 741 ed.
1071 682 1180 756 Reislre,

127 775 267 855 optimam
287 774 350 834 eius
369 770 535 832 traditionis
556 769 643 829 iidem
669 787 734 827 esse
753 767 862 839 dieenS,
893 753 920 849 ᾧ
942 759 1099 848 κέχρηται
1120 764 1181 828 τῶν

126 857 278 922 παλαιῶν
301 850 513 940 συγγραφέων
536 846 723 928 Ἑλλάνικος
744 846 778 912 ἕν
798 851 868 924 τοῖς
894 849 1062 934 Τρωϊκοῖς.
1107 852 1180 914 lule·

125 948 203 1008 riore
218 945 289 1006 urhe
305 944 339 1004 ab
352 942 475 1002 Achaeis
490 947 574 1019 capta
586 941 695 1000 Aeneas
709 957 776 999 eum
787 937 930 998 Dardanis
943 944 971 996 et
981 945 1064 1016 parte
1076 936 1180 999 Troia-

125 1050 233 1092 norum
261 1035 385 1106 occupat
406 1046 515 1100 arcein,
537 1025 739 1105 propelluntur
758 1023 870 1082 hostes.
903 1023 1034 1083 Instante
1053 1022 1180 1100 periculo

126 1118 254 1196 primurn
271 1113 411 1174 emittitur
430 1120 507 1172 aetas
529 1111 667 1183 imbellis,
688 1108 792 1169 deinde
806 1108 881 1184 fugit
900 1106 963 1186 ipse
984 1109 1097 1168 Aeneas
1121 1127 1182 1170 eum

125 1200 283 1262 lectissima
297 1216 386 1259 manu
403 1198 535 1258 militum.
558 1197 698 1257 Evaditur
713 1195 742 1254 in
754 1192 950 1254 munitissima
966 1192 1028 1253 loca
1043 1193 1121 1267 ldae,
1136 1213 1183 1254 eo·

128 1287 254 1363 demque
270 1292 484 1362 congregantur
500 1281 637 1360 quidquid
654 1298 708 1359 per
729 1298 778 1339 eas
798 1278 932 1356 regiones
953 1286 1107 1356 supererat
1126 1278 1184 1357 pri-

128 1371 272 1432 stinorum
289 1369 458 1429 incolarum.
490 1368 636 1446 Urgentur
651 1366 685 1426 ab
701 1364 838 1438 Achaeis,
853 1365 885 1423 fit
899 1362 1006 1442 pactio,
1027 1371 1060 1424 ut
1075 1364 1184 1425 Aeneas

127 1475 194 1518 cum
212 1455 301 1517 sociis
317 1454 432 1516 castella
447 1453 557 1513 montis
573 1453 641 1513 ldae
657 1468 786 1530 opesque
800 1450 830 1509 in
842 1449 910 1525 luga
921 1455 1050 1509 servatas
1061 1449 1186 1510 traderet

125 1542 257 1614 Achaeis,
273 1539 379 1601 Achaei
395 1557 463 1599 vero
480 1538 534 1598 illis
549 1545 613 1598 tuto
629 1535 797 1598 discedendi
814 1534 928 1613 copiam
947 1534 1087 1595 facerent.
1122 1535 1185 1595 Mit-

124 1628 196 1687 titur
210 1626 353 1686 Ascanius
368 1624 398 1682 in
414 1623 585 1701 Phrygiam,
604 1621 682 1682 unde
702 1628 806 1699 postea
827 1619 919 1680 redux
939 1636 1006 1680 cum
1021 1619 1185 1681 Hectoridis

128 1709 336 1790 superstitibus
352 1707 470 1767 Troiam
486 1713 648 1785 recuperat.
678 1704 790 1765 Aeneas
816 1723 883 1765 cum
902 1703 1022 1782 reliquis
1042 1704 1141 1767 liberis
1160 1712 1186 1767 et

128 1802 212 1874 patre
228 1801 256 1854 et
271 1794 392 1853 deorum
409 1790 571 1851 simulacris
586 1791 807 1869 Hellespontum
822 1790 935 1852 traiecit
949 1798 978 1850 et
996 1789 1026 1849 in
1040 1788 1184 1852 Pallenam

126 1881 195 1941 inde
210 1876 394 1958 peninsulam
409 1876 562 1954 navigavit,
579 1875 624 1935 cui
638 1876 730 1937 vicina
745 1883 806 1937 erat
818 1893 891 1954 gens
903 1875 1028 1936 Crusaea
1038 1877 1098 1952 ⁸³),
1115 1895 1186 1956 qnae

127 1964 326 2035 fidelissimam
343 1961 476 2023 omnium
493 1960 642 2022 sociorum
663 1980 782 2040 operam
802 1961 833 2022 in
852 1960 926 2022 hello
947 1961 1076 2039 gerendo
1098 1979 1185 2023 nava-

126 2057 216 2112 verat.
251 2048 300 2110 Sic
319 2048 485 2109 Hellanicus
506 2065 571 2108 rem
594 2047 737 2120 narravit,
762 2065 820 2124 quo
847 2046 998 2107 referenda
1023 2047 1184 2108 criminatio

129 2135 283 2196 Strabonis
299 2133 373 2205 lllll,
394 2151 423 2211 p.
440 2131 501 2192 602
526 2125 610 2193 Ἑλλ.
635 2126 673 2193 δὲ
694 2125 908 2213 χαριζόμενος
936 2130 1008 2204 τοῖς
1025 2122 1185 2207 Ἰλιεῦσιν,

88 2240 114 2278 ss
131 2206 202 2292 οἷος
232 2211 250 2280 ὁ
278 2210 402 2280 ἐκείνου
424 2212 610 2296 udinem),
640 2216 807 2301 συνηγορεῖ
827 2213 876 2300 τῷ
900 2212 958 2299 τὴν
980 2208 1079 2299 αὐτὴν
1102 2205 1186 2280 εἶναι

129 2297 230 2365 πόλιν
251 2298 310 2386 τὴν
330 2299 385 2364 νῦν
405 2305 447 2385 τῇ
468 2296 552 2379 τότε,
580 2322 653 2383 quae
671 2311 842 2381 repetuntur
863 2303 900 2363 ah
919 2302 1072 2363 Eustathio
1093 2303 1128 2365 ad
1154 2304 1185 2364 ll.

128 2409 157 2467 p.
175 2389 252 2463 4603
269 2388 375 2469 quihus
390 2387 513 2449 nimium
529 2388 630 2450 tribuit
645 2389 780 2451 Sturzius
796 2408 826 2468 p.
845 2387 892 2460 18,
910 2387 1114 2467 gravissimum
1129 2389 1187 2450 hoo

127 2481 156 2535 et
170 2474 256 2554 plane
272 2493 332 2536 non
347 2475 499 2536 ferendum
515 2477 544 2536 in
559 2476 701 2537 historico
717 2473 828 2535 crimen
844 2492 908 2534 esse
920 2474 1100 2546 existimans,
1117 2494 1185 2554 par-

126 2561 199 2622 tium
216 2562 354 2623 studium.
380 2561 496 2623 Etenim
512 2569 658 2622 memorat
668 2559 833 2620 Hellanicus
845 2558 1013 2631 Ascanium,
1028 2566 1186 2639 postquam

126 2644 300 2723 aliquamdiu
320 2647 398 2725 apud
417 2647 548 2725 Phryges
568 2645 648 2705 exsul
669 2646 787 2718 luisset,
808 2645 926 2706 Troiam
944 2644 1066 2705 rediisse
1088 2654 1186 2724 pater-

128 2744 257 2805 numque
272 2731 394 2805 regnuin
410 2729 575 2790 Hectoridis
587 2729 776 2791 vindicavisse
787 2730 846 2805 ³⁵),
861 2747 955 2809 neque
967 2730 998 2791 in
1011 2731 1187 2792 anteceden-

196 2907 236 2971 32)
250 2907 319 2972 Quae
332 2912 363 2960 de
374 2909 485 2976 Telepho
499 2913 619 2974 leguntur
630 2910 661 2963 ir.
677 2913 722 2965 101
737 2915 822 2979 Sturz,
835 2928 867 2963 ex
879 2913 964 2980 Steph.
978 2909 1187 2982 uesterpondg·

128 3005 160 3013 —-
175 2975 220 3026 καὶ
237 2972 412 3046 Θεόπομπος
422 2978 468 3028 καὶ
483 2974 641 3037 Ἑλλάνικος
660 2977 873 3034 ἆνακοινοῦνται
889 2983 945 3035 τῶν
960 2977 1110 3050 Ὠρωπίων
1133 2988 1190 3050 Τη-

128 3043 204 3123 λέφῳ
217 3043 282 3104 κτλ,
301 3044 324 3093 in
343 3047 373 3096 iis
392 3062 420 3096 ex
438 3048 492 3097 cod.
505 3046 610 3099 Vratisl.
625 3050 702 3101 scrih.
715 3052 761 3100 καὶ
776 3054 862 3102 Θεοπ.
878 3046 903 3115 η’
916 3046 1086 3115 Ἑλληνικῶν,
1106 3057 1132 3099 et
1150 3055 1188 3104 sie

129 3112 208 3162 edidit
220 3111 438 3163 Wcstermannus.

196 3178 237 3238 ³3)
251 3179 322 3244 Apud
334 3180 425 3231 Herod.
440 3181 492 3240 vll,
511 3183 558 3233 123
576 3193 728 3236 memoratur
745 3188 814 3250 regio
832 3186 963 3250 Crossuen,
985 3200 1048 3252 quae
1060 3188 1188 3253 Κρουσλς

128 3246 166 3315 γῆ
177 3246 319 3313 appellatur
330 3250 393 3314 apud
407 3248 519 3316 Thucyd.
530 3251 558 3316 ll,
573 3253 604 3302 79
617 3261 643 3304 et
653 3254 739 3320 Steph.
752 3255 778 3304 Β.
792 3271 813 3304 s.
823 3271 848 3306 v.
859 3255 934 3319 [ldem
944 3270 1032 3305 nomeu
1043 3253 1187 3324 Κρουσιὰς

127 3333 163 3433 pp
176 3316 467 3434 pespppespgpmtlononi
479 3322 542 3385 apud
555 3320 803 3453 Phffiufiywtd'yllgsi'
816 3340 839 3389 p.
850 3324 898 3373 140
908 3325 947 3373 ed.
957 3323 1063 3372 Bellen.
1086 3321 1122 3374 ef.
1137 3325 1186 3376 Tu·

139 3400 152 3432 e
193 3400 206 3434 e
331 3400 628 3451 onreaerusqueagro.
686 3407 699 3440 e
777 3429 782 3440 .

197 3451 239 3514 34)
253 3450 371 3502 Invidiam
380 3452 503 3502 Hellaniei
516 3405 678 3507 vehemAuter
689 3459 761 3508 unxit
772 3458 916 3509 Grosskurd
929 3457 1090 3508 inversione:
1104 3460 1185 3523 „Hiu-

126 3534 206 3582 gegen
218 3520 265 3570 der
277 3520 323 3570 deu
336 3520 410 3570 lliern
424 3520 675 3575 schmeiehelnde
689 3526 842 3589 Hellauikos‚
860 3527 916 3578 wie
935 3526 1025 3577 seine
1044 3527 1185 3580 Denkart

126 3587 182 3650 ist,
201 3587 347 3651 hegiinstigt
358 3590 397 3638 die
410 3587 583 3658 Behauptnng,
596 3595 654 3643 dass
673 3594 711 3643 die
726 3594 824 3657 jetzige
837 3596 911 3645 Stadt
926 3595 971 3645 mit
988 3596 1034 3645 der
1047 3597 1183 3661 damaligen

129 3654 238 3705 dieselhe
252 3656 316 3705 sei.“
335 3656 443 3706 Secutus
458 3664 497 3706 est
509 3662 704 3711 emendationem
716 3662 849 3729 Xylnndri,
863 3664 903 3728 qui
915 3663 1018 3725 scripsit
1035 3661 1128 3731 θυμὸς
1140 3681 1183 3731 pro

126 3723 230 3789 μῦθος,
244 3738 291 3788 qna
303 3740 351 3774 non
366 3740 427 3790 opus
440 3731 504 3774 erut.
527 3726 633 3779 Videtur
645 3729 789 3780 Hellanicus
801 3730 826 3779 in
839 3730 905 3780 omni
917 3728 1066 3795 Troicorum
1083 3734 1183 3797 exposi-

127 3790 197 3840 tione
210 3788 304 3841 invisse
317 3790 433 3842 Troianis
445 3800 532 3842 eontra
545 3794 672 3857 Graecos3
685 3798 721 3848 sic
733 3798 890 3864 interpretor
902 3795 965 3846 illud
978 3797 1037 3851 οἱος
1048 3791 1063 3846 ὁ
1076 3796 1185 3854 ἐκείνου

125 3857 228 3922 μῦθος.
251 3859 286 3909 At
298 3859 359 3911 nihil
370 3861 437 3911 istud
450 3861 585 3913 criminosi.

195 3925 237 3990 ³5)
249 3921 391 3980 ἐλθόντων
400 3926 432 3980 dl
442 3924 479 3985 ὥς
487 3925 574 3982 αὐτὸν
582 3929 784 4002 Σκαμανδρίου
795 3949 824 3986 τε
836 3928 883 3983 καὶ
894 3927 951 3982 τῶν
962 3923 1050 3985 ἄλλων
1060 3929 1182 4007 Ἑκτορι-
