2558 4530
404 296 584 352 Eleusinia
606 297 793 366 disputatio
809 299 845 353 Π
1096 299 1149 354 136

262 447 324 535 Erip
325 447 453 528 κόλπον,
477 447 625 557 προχέων
646 445 878 557 ίμερόεσσαν”
859 476 941 521 οπα

179 529 215 616 ὃς
235 536 292 602 καὶ
311 476 501 642 δυσμενέων
519 534 634 641 μόθον
653 530 690 600 οὗ
710 534 831 619 τρέσεν,
854 535 923 603 ἀλλ’
945 535 1088 603 ἐσάωσεν

264 615 395 728 ἄκραντ’
419 615 566 725 οἷρρήτων
588 617 718 701 θέσμια
739 620 1002 730 Κεκροπίδαις

177 698 218 774 A
237 705 358 793 μάκαρ,
375 698 411 770 ὃν
432 703 490 770 καί
513 704 617 790 δῆμος
636 702 889 793 ἐπεστεφάνωσε
910 702 1073 794 γεραίρων,

90 832 140 941 ubi
157 879 236 959 quod
258 879 294 940 de
313 877 443 939 hostium
463 876 630 937 Eleusinem
645 877 808 955 petentium
824 880 935 958 impetu
948 878 1063 951 dicitm,
1077 895 1148 956 pro—

90 964 186 1025 babile
202 971 248 1025 est
235 963 477 1034 tfuisseGothos,
494 962 543 1040 qui
560 980 634 1022 crrca
649 980 675 1022 a
691 962 752 1022 269
768 964 905 1025 Achaiam
922 981 1040 1024 omnem
1054 969 1149 1022 vasta·

90 1056 206 1120 verunt,
229 1049 332 1109 deinde
351 1046 514 1125 aDerippo
531 1044 700 1106 Atheniensi
718 1046 778 1108 fusi
796 1048 929 1127 Epirum,
948 1048 1149 1120 Acarnaniam,

90 1133 242 1193 Boeotiam
257 1132 404 1210 pervagati
424 1138 503 1191 sunt.
482 1130 653 1191 tPostea
671 1131 804 1210 Cephissi
824 1133 975 1194 brachium
997 1139 1151 1211 superatur

89 1218 240 1297 ponticulo
256 1218 398 1290 iunctum,
413 1216 517 1276 oliveto
534 1215 620 1276 etiam
635 1215 723 1276 huius
738 1217 837 1279 rivulis
854 1217 1044 1278 circumfuso
1072 1215 1150 1276 Pau-

90 1303 188 1364 sanias
208 1320 303 1404 prope
323 1301 419 1380 ripam
440 1301 538 1361 locum
561 1319 626 1360 esse
644 1301 741 1373 tradit,
763 1302 810 1363 cui
825 1302 965 1382 Caprilico
982 1318 1092 1361 nomen
1112 1300 1151 1362 sit

90 1378 179 1468 (παρ’
204 1378 293 1468 αὐτῳ
278 1382 477 1446 καλοῦσιν
496 1375 660 1467 Ερινεόν),
685 1384 734 1445 uhi
758 1386 843 1448 Pluto
863 1393 949 1466 raptu
973 1385 1149 1464 Proserpina

91 1473 126 1534 ad
139 1472 249 1531 inferos
265 1471 444 1530 demersisse
459 1476 603 1541 narretur,
619 1470 775 1548 eademque
789 1472 908 1550 regione
919 1471 1148 1567 Polypemonem

90 1559 132 1618 lat
119 1564 248 1627 tronem,
262 1555 442 1615 Procrusten
458 1553 641 1631 cognomine,
663 1572 678 1614 a
695 1554 810 1616 Theseo
833 1556 901 1616 olim
923 1556 1053 1617 occisum
1074 1573 1148 1616 esse.

91 1641 290 1702 celebraverat
303 1639 376 1699 haec
390 1639 453 1699 loca
469 1655 585 1699 carmen
600 1637 761 1717 Orphicum
777 1640 813 1701 de
828 1639 930 1701 Cerere
943 1639 1099 1712 Eleusinia,
1121 1658 1147 1699 v.

90 1726 202 1787 Demet.
217 1731 246 1786 et
259 1724 398 1803 Proserp.
414 1743 443 1802 p.
459 1722 518 1783 133
534 1729 594 1785 not.
607 1723 635 1783 9.

177 1810 281 1870 Totam
299 1807 374 1869 viam
393 1806 558 1869 Dodwellus
578 1827 594 1868 a
617 1826 649 1868 se
664 1815 788 1887 quatuor
807 1807 890 1870 horis
905 1816 934 1870 et
948 1807 1075 1888 quinque
1089 1808 1147 1868 mi-

88 1893 169 1956 nutis
189 1894 353 1955 absolutam
369 1912 435 1954 esse
454 1892 537 1965 dicit3
557 1891 664 1954 Gellius
684 1892 839 1955 duodecim
859 1893 984 1955 millibus
1004 1911 1147 1973 passuum
1175 1907 1201 1947 ιν

88 1987 118 2042 et
132 1979 347 2040 duodecentum
364 1997 426 2039 eam
449 1995 586 2038 emensus
609 1984 663 2038 est.
706 1978 744 2039 Et
757 1979 878 2056 longum
896 1978 951 2038 sibi
967 1978 1021 2038 iter
1035 1977 1148 2056 praeire

87 2065 223 2127 Iacchum
244 2063 375 2159 produnt
394 2062 480 2123 etiam
501 2069 611 2141 mystae
627 2062 845 2142 Aristophanei,
860 2080 962 2122 verum
977 2069 1076 2122 tamen
1091 2061 1147 2122 deo

90 2152 165 2212 duce
180 2149 243 2210 sine
259 2166 340 2209 omm
333 2146 488 2209 molestia
499 2147 708 2226 peragendum,
723 2166 767 2208 vs.
783 2145 855 2208 398.

179 2243 291 2326 Ἴακχε
312 2238 527 2350 πολυτίμητε,
548 2239 682 2326 μέλος“
669 2244 783 2350 εορτῇς

190 2327 339 2435 ἥδιστον
349 2325 449 2433 εὑρών
472 2328 566 2431 δεῦρο
581 2328 821 2394 σονακολουθει

192 2415 279 2520 πρὸς
300 2411 358 2518 τὴν
379 2411 461 2477 θεὸν
482 2409 541 2476 καί
564 2407 717 2514 δειξον“
692 2435 737 2487 ως

194 2494 281 2563 ίίνεο
305 2495 429 2562 πόνου
451 2493 600 2580 πολλην
629 2489 723 2559 oddo
748 2490 926 2580 περαίνεις.

177 2638 210 2699 Ι).
226 2636 347 2716 Dorpati
362 2655 402 2697 m.
416 2633 623 2715 Septembria.
639 2631 833 2695 Mucccxm
