2558 4530
130 369 162 418 at
543 365 585 415 De
604 364 769 415 Hellanieo

133 523 351 615 Ἐρυσίχθονα
373 527 456 617 φησὶ
477 526 534 593 τὸν
556 524 789 614 Μυρμιδόνος,
813 522 867 592 ὅτι
888 515 928 612 ἦν
947 520 1116 612 ἄπληστος
1131 531 1187 609 βο-

128 615 199 699 ρᾶς,
223 609 374 680 Αἴθωνα
396 614 575 700 κληθῆναι,
598 617 709 690 eadem,
728 623 813 695 puta,
842 615 1011 688 occasione,
1033 633 1090 693 qua
1111 617 1186 694 llyr-

128 702 256 763 midonis
271 702 406 764 meminit
419 702 619 780 Apollodorus
631 701 653 774 l,
674 703 703 775 7,
716 702 744 762 3.
773 699 943 780 Eodemque
959 707 1099 762 contextu
1112 702 1185 763 reri-

129 787 220 849 simile
236 795 281 849 est
295 788 404 849 dictum
419 787 512 848 fuisse
528 787 664 847 denariis
681 785 806 865 oppidis,
821 804 875 864 per
890 786 1087 859 Thessaliam,
1108 787 1186 866 blag-

126 875 247 946 nesiam,
274 872 439 948 Locridem,
467 872 626 932 Phocidem
649 871 800 951 dispersis,
826 889 952 950 quorum
979 890 1013 931 ex
1038 871 1186 932 Hellanico

126 958 262 1019 meminit
273 959 440 1036 Stephanus
451 958 495 1031 Β.,
512 958 669 1018 maximam
684 964 797 1036 partem
810 956 907 1017 addito
924 950 958 1017 ἐν
969 949 1084 1040 πρώτῃ
1102 956 1187 1018 Δευ-

127 1035 332 1117 καλιωνείας,
357 1061 383 1101 v.
400 1061 423 1102 s.
439 1061 483 1102 vr.
499 1033 676 1123 Ἀγάθεια,
696 1034 879 1117 libatores,
901 1032 1087 1114 ’Ἀσπενδος
1117 1040 1187 1118 (A-

129 1121 272 1189 σπένδον
299 1118 444 1205 κτίσμα),
475 1122 653 1211 Θηγώνιον,
677 1119 867 1207 Aethiopes
893 1117 975 1203 (01πὸ
998 1120 1187 1208 Καλλιάραα

126 1209 186 1274 τοῦ
203 1205 399 1273 Ὁδοιδόκου
427 1206 485 1273 καὶ
506 1206 718 1294 Λαονόμης),
746 1204 932 1293 Λακέρεια,
960 1204 1186 1292 Μισγομεναί,

130 1289 276 1381 01010311,
308 1286 544 1378 11111110ιαίπό
568 1289 699 1380 draptes
721 1293 778 1358 τοῦ
799 1287 994 1375 Ἄμπυκος),
1023 1315 1098 1376 quae
1122 1297 1187 1359 licet

128 1381 234 1460 quibus
261 1381 375 1461 singula
401 1381 604 1444 occasionibus
631 1389 860 1444 commemorata
890 1381 999 1443 fuerint
1027 1382 1185 1443 obscurum

126 1474 251 1542 maneat,
265 1474 364 1529 tamen
379 1467 513 1530 universa
528 1475 696 1530 monstrant
711 1475 825 1548 praeter
838 1467 951 1529 fabulas
972 1466 1058 1528 etiam
1078 1468 1186 1529 choro·

127 1554 279 1633 graphiam
296 1552 442 1633 quandam
458 1572 556 1615 earum
572 1554 736 1632 regionum,
760 1553 866 1632 quibus
881 1552 984 1614 Aeoles
1004 1552 1091 1631 potiti
1110 1561 1187 1627 sunt

88 1658 114 1697 11
126 1638 157 1698 111
171 1640 230 1699 hoc
245 1657 321 1716 opus
337 1639 477 1699 intentam
492 1638 600 1711 luisse3
614 1639 694 1699 unde
705 1639 853 1717 suspicere
864 1638 949 1699 etiam
963 1637 1141 1699 Strabonem
1153 1639 1186 1710 X,

126 1741 156 1802 p.
172 1724 232 1783 451
248 1723 469 1784 Deucalioneam
491 1723 651 1801 respicere,
673 1723 885 1801 vituperantem
908 1723 1088 1784 hellanicum
1108 1724 1187 1803 quod

127 1824 201 1887 quae
225 1815 295 1887 post
319 1808 445 1870 reditum
465 1807 680 1868 heraclidarum
704 1807 821 1867 condita
840 1806 900 1868 sint
920 1808 1029 1887 oppida
1048 1808 1186 1884 Aetoliae,

127 1891 228 1953 eadem
254 1892 465 1972 antiquissimis
491 1893 674 1969 temporibus
695 1892 838 1953 tribuerit.
873 1892 947 1953 Nam
970 1912 1186 1956 commemora-

126 1978 207 2039 tione
222 1978 314 2039 Aetoli
329 1979 365 2039 ad
381 1977 522 2039 Aetoliam
537 1977 664 2037 fortasse
679 1976 767 2038 simili
781 1977 882 2048 modo,
900 1985 986 2057 atque
1001 1980 1110 2041 factum
1126 1987 1186 2041 erat

126 2063 155 2123 in
171 2063 332 2135 Thessalia,
347 2062 577 2142 percensendam
593 2060 704 2123 delatus
720 2069 789 2136 erat,
805 2063 840 2122 cf.
856 2062 989 2142 Apollod.
1005 2064 1028 2138 1,
1046 2065 1074 2137 7,
1092 2067 1121 2125 5.

211 2149 340 2209 Alterum
357 2146 462 2205 librum
477 2146 575 2207 laudat
591 2147 690 2227 Steph.
706 2147 738 2207 Β.
754 2167 781 2207 1.
798 2139 939 2227 salpae,
962 2168 1020 2228 quo
1037 2168 1104 2211 cum
1119 2150 1184 2212 loco

127 2231 322 2292 conferendus
342 2230 419 2291 idem
441 2249 466 2289 v.
485 2221 616 2310 ’Άλμων
636 2240 665 2293 et
682 2222 858 2312 Ὄλμωνες,
882 2252 948 2295 011111
965 2242 1035 2297 nota
1053 2236 1185 2297 berhelii.

128 2317 231 2376 Olmus
247 2315 401 2376 eratfilius
417 2314 542 2395 Sisyphi,
557 2317 593 2379 ad
609 2337 696 2397 quern
712 2318 836 2379 ducebat
851 2319 971 2380 historia
988 2321 1185 2393 Aeolidarum,

128 2419 154 2461 v.
171 2400 305 2479 Apollod.
322 2401 344 2475 l,
366 2400 396 2462 11.
427 2401 609 2481 Sequebatur
622 2403 719 2465 fabula
735 2404 771 2464 de
786 2404 863 2464 Pelia
879 2412 965 2483 atque
979 2404 1080 2478 Neleo,
1097 2425 1184 2484 quam

126 2505 216 2565 supra
231 2487 380 2566 attigimus
395 2507 430 2548 ex
451 2487 577 2550 Crameri
597 2490 704 2551 Anecd.
721 2490 784 2550 1101.
801 2489 823 2562 1,
843 2508 872 2567 p.
890 2489 950 2551 344
962 2493 974 2530 ²
985 2495 1020 2566 ¹),
1042 2491 1087 2551 cui
1110 2491 1186 2551 sub-

124 2572 220 2635 iuncta
246 2573 336 2635 fuerit
354 2573 478 2636 historia
501 2577 750 2653 Argonautarum,
771 2575 847 2635 sicut
865 2574 943 2653 apud
963 2575 1186 2654 Apollodorum.

125 2657 167 2716 Eo
185 2667 318 2734 spectant
333 2679 406 2737 quae
423 2661 458 2720 de
470 2659 566 2719 Helles
583 2659 665 2719 obitu
680 2678 715 2718 ex
727 2658 873 2720 llellanico
889 2659 1014 2721 citantur
1028 2679 1073 2739 ap.
1087 2661 1186 2721 Schol.

126 2739 258 2816 Apollon.
273 2743 309 2813 Π,
336 2745 424 2814 1144,
444 2743 480 2802 de
500 2743 613 2819 origine
631 2741 745 2802 Iasonis
765 2744 842 2822 apud
863 2744 987 2805 eundem
1010 2745 1044 2804 ad
1066 2745 1119 2821 Ap.
1136 2746 1186 2821 lll,

127 2813 359 2884 tatthaeus
381 2818 451 2885 ἀπὸ
474 2818 607 2887 Αἰόλου
629 2821 667 2887 τὸ
690 2820 781 2906 γένος
802 2823 949 2908 κατάγει,
972 2818 1018 2901 ὦς
1037 2819 1187 2890 Ἑλλάνι-

125 2926 190 2982 κος,
214 2926 287 2985 quae
303 2909 338 2968 de
353 2908 474 2987 Aphetis
489 2909 600 2988 oppido
621 2910 651 2970 in
669 2911 737 2973 latis
752 2914 988 2992 Argonautarum
1012 2911 1114 2972 celebri
1139 2933 1186 2994 ap.

127 2992 228 3070 Steph.
246 2983 488 3077 1111101101,
510 2995 545 3055 de
565 2994 666 3055 vellere
681 3015 769 3059 aureo
786 2997 941 3076 intemplo
960 2997 1037 3058 loris
1052 3000 1185 3077 reposito

126 3095 171 3154 ap.
193 3077 290 3137 Schol.
313 3078 367 3156 Ap.
388 3078 424 3150 ll,
446 3079 518 3152 404,
545 3078 580 3138 de
601 3080 707 3142 lasone
732 3083 951 3146 Corinthiorum
973 3082 1003 3144 in
1026 3082 1116 3144 uilino
1138 3103 1185 3164 ap.

126 3159 339 3262 801101110111).
355 3162 429 3224 Med.
446 3162 476 3223 9.
491 3165 591 3224 Restat
607 3161 953 3247 8101111.Β.Μιδᾶειον,
976 3102 1078 3243 arbiter
1098 3171 1186 3252 Φρυ-

126 3238 214 3326 γίας·
240 3239 423 3321 Ελλάνικος
444 3240 478 3310 ἒν
493 3243 633 3332 δευτέρῳ
650 3247 923 3330 Δευκαλιωνείας,
944 3274 1019 3334 quae
1036 3254 1106 3315 urbs
1121 3254 1186 3316 for-

125 3338 206 3392 tasse
220 3331 251 3392 in
265 3332 449 3409 navigatione
463 3337 697 3411 Argonautarum
718 3346 948 3401 commemorata
970 3346 1045 3413 erat3
1066 3340 1186 3401 eadem-

126 3434 181 3495 que
197 3416 312 3479 occasio
332 3417 420 3478 fuerit
440 3422 731 3483 commemorationis
748 3425 934 3504 Dactylorum
956 3424 1124 3497 ldaecrum,
1150 3427 1186 3488 de

126 3501 645 3648 (10111111101101110011011011111).
674 3507 772 3570 Schol.
799 3510 894 3590 Ap.l,
929 3510 1026 3585 1129;
1054 3511 1186 3573 Eudocia

125 3604 154 3664 p.
240 3632 247 3647 .

193 3800 235 3863 21)
254 3801 361 3853 Eandem
379 3819 411 3854 ex
425 3804 525 3868 eodem,
545 3810 572 3854 ut
588 3807 701 3869 videtur,
723 3806 792 3859 fonte
815 3814 903 3858 narrat
925 3804 1008 3855 Sebol.
1020 3803 1049 3856 11.
1075 3823 1103 3871 κ,
1125 3810 1184 3862 334.

126 3864 162 3916 cf.
179 3867 351 3920 Schneidewin
365 3871 509 3923 Coniectan.
528 3872 589 3923 Crit.
605 3891 628 3940 p.
643 3875 688 3938 99,
711 3877 752 3940 qui
772 3877 797 3926 in
814 3876 870 3927 loco
888 3873 1011 3924 llellnuici
1034 3877 1120 3927 scribit
1137 3881 1185 3929 καὶ

125 3930 175 3987 τὸν
186 3937 293 3990 Πελίαν
305 3934 461 4008 ὠνόμαζον.
